4409 5675
2122 398 2190 459 13

257 591 396 662 sub
433 591 536 678 b.)
587 606 664 664 et
713 591 1144 663 coniunctivi
1186 593 1417 686 prima
1471 618 1792 687 persona
1847 595 2041 679 (vide
2081 594 2217 664 sub
2264 595 2353 679 c.)
2417 594 2923 687 coniungatur.
2982 636 3082 645 ·-
3142 590 3575 687 Plerumque
3616 588 3785 663 illud
3834 589 3999 685 quin

254 740 645 819 usurpatur
697 726 1156 798 coniunctum
1210 751 1368 798 cum
1426 727 1503 800 ΙΙ.
1563 753 1757 823 pers,
1823 728 1966 800 ind.
2035 754 2279 824 praes,

575 857 825 955 Atque
882 857 998 933 illa
1061 861 1628 955 quin-enuntiata
1671 863 1826 934 sine
1883 862 2100 935 dubio
2149 872 2701 957 παρατακτικῑός
2756 888 2839 935 se
2892 862 3219 949 habent:
3284 857 3482 933 velut
3532 860 3757 931 Poen.
3820 878 4003 950 599:

251 994 432 1089 quin
489 992 702 1067 abis?
754 996 860 1066 sic
915 1013 1032 1068 est
1086 994 1630 1095 explicandum:

578 1129 874 1203 Warum
933 1131 1151 1225 gehst
1206 1132 1302 1203 du
1359 1132 1550 1205 denn
1603 1132 1802 1206 nicht
1857 1132 2042 1205 fort?
2093 1135 2114 1204 i
2199 1160 2261 1205 e.
2322 1134 2493 1205 Geh
2552 1132 2743 1205 doch
2800 1131 2867 1203 in
2923 1128 3099 1203 aller
3150 1128 3391 1201 Welt!

583 1264 776 1336 Men.
839 1270 1028 1357 561:
1091 1268 1260 1361 quin
1317 1283 1391 1338 tu
1445 1268 1698 1339 taces?
1756 1292 1842 1339 so
1899 1266 2229 1361 schweig
2285 1268 2486 1339 doch
2545 1275 2718 1339 nur!

586 1400 695 1471 En
746 1400 954 1472 vobis
1008 1400 1223 1495 igitur
1283 1400 1490 1474 huius
1565 1402 1922 1474 idiomatis
1995 1405 2338 1497 exempla
2396 1427 2587 1498 quae
2669 1402 2739 1473 in
2796 1398 3022 1473 Plauti
3094 1398 3351 1471 fabulis
3423 1396 3635 1469 nobis
3689 1396 4003 1469 servatis

263 1531 720 1605 inveniuntur
740 1559 754 1604 :

587 1666 782 1739 Trin.
854 1672 1026 1740 118:
1119 1669 1312 1762 Quin
1371 1697 1532 1743 eum
1584 1670 1949 1743 restituis?
2003 1672 2172 1767 quin
2230 1673 2329 1743 ad
2388 1672 2669 1767 frugem
2722 1670 3083 1768 conrigis?

787 1808 1022 1877 1026:
1131 1804 1320 1895 Quin
1377 1820 1450 1875 tu
1507 1806 1702 1899 quod
1756 1806 1972 1901 periit
2026 1806 2337 1901 periisse
2394 1805 2644 1877 ducis?

580 1938 777 2009 Men.
835 1942 1020 2029 382:
1129 1938 1320 2030 Quin
1375 1940 1644 2013 amabo
1698 1940 1758 2011 is
1811 1941 2042 2013 intro?
2093 1986 2186 1996 —-
2256 1948 2433 2034 561:
2492 1941 2665 2037 quin
2723 1959 2799 2014 tu
2854 1958 3059 2014 taces
3081 1940 3125 2011 ?-

818 2078 1004 2145 660:
1117 2074 1308 2166 Quin
1366 2076 1600 2147 refers
1655 2073 1922 2171 pallam
1983 2075 2327 2148 domum?
2384 2120 2480 2131 —
2546 2095 2723 2166 747:
2784 2075 2953 2171 quin
3008 2072 3359 2169 respicis?

819 2230 1008 2296 912:
1116 2207 1310 2300 Quin
1361 2226 1439 2283 tu
1493 2226 1566 2282 te
1617 2176 2047 2307 suspendis?

821 2349 1006 2431 916:
1105 2341 1300 2434 Quin
1351 2359 1426 2415 tu
1475 2344 1534 2415 is
1591 2344 1662 2415 in
1715 2343 1978 2419 malam
2034 2347 2377 2417 crucem?
2432 2390 2529 2399 —
2594 2364 2781 2437 917:
2843 2345 3009 2441 quin
3064 2361 3140 2416 tu
3192 2369 3421 2441 rogas
3480 2401 3492 2414 .
3556 2402 3569 2415 .
3634 2342 3691 2413 .?

583 2476 725 2547 Mil.
825 2495 1001 2568 751:
1109 2476 1303 2570 Quin
1362 2494 1436 2551 tu
1495 2480 1725 2553 istanc
1785 2482 2184 2553 orationem
2245 2540 2258 2553 .
2324 2540 2337 2552 .
2395 2538 2410 2553 .
2470 2480 2819 2553 amoves?

779 2616 1009 2705 1067:
1119 2612 1314 2706 Quin
1367 2629 1441 2686 tu
1495 2614 1662 2686 huic
1718 2617 2136 2712 respondes
2192 2615 2463 2710 aliquid
2512 2674 2526 2687 .
2583 2674 2596 2687 .
2656 2674 2672 2687 .
2728 2673 2741 2687 .
2802 2673 2815 2687 .
2876 2617 2899 2688 ?

583 2744 844 2817 Pseud.
884 2763 1012 2840 75:
1121 2747 1315 2842 Quin
1369 2750 1548 2821 fles?
1599 2795 1702 2805 -—
1765 2775 1945 2842 241:
2011 2752 2180 2848 quin
2234 2752 2586 2824 revocas?

579 2882 772 2954 Men.
832 2883 1070 2978 428†:
1182 2883 1460 2958 Hercle
1518 2886 1638 2982 qui
1691 2884 1797 2988 (n)
1855 2903 1927 2959 tu
1984 2903 2186 2960 recte
2244 2883 2555 2964 dicis?²⁹)

591 3014 740 3088 Mil.
787 3019 1011 3108 1184:
1121 3017 1312 3109 Quin
1366 3034 1442 3091 tu
1495 3021 1673 3093 dicis
1728 3022 1900 3116 quid
1953 3022 2269 3095 facturus
2324 3023 2612 3118 sum?2⁰)

785 3173 1008 3243 1314:
1114 3151 1314 3245 Quin
1365 3153 1574 3226 iubes
1631 3171 1704 3227 tu
1763 3156 2024 3228 ecferri
2080 3158 2324 3229 omnia
2379 3157 2493 3229 isti
2552 3181 2741 3251 quae
2802 3156 3105 3248 dedi?2¹)

589 3283 817 3358 Stich.
877 3309 1065 3378 479:
1128 3286 1320 3379 Quin
1374 3305 1450 3361 tu
1507 3289 1914 3384 promittis?
1967 3293 2230 3364 Pseud.
2296 3314 2482 3384 350:
2540 3291 2735 3384 Quin
2788 3305 2861 3362 tu
2920 3290 3045 3362 ted
3103 3288 3375 3362 occidis
3412 3283 3711 3382 potius?

590 3419 858 3492 Pseud.
917 3425 1102 3514 638:
1163 3423 1352 3514 Quin
1404 3448 1781 3519 provocas
1840 3483 1854 3498 .
1918 3484 1933 3498 .
1999 3487 2012 3500 .
2075 3487 2087 3499 .
2150 3425 2178 3497 ?

591 3679 664 3764 ¹⁹)
713 3683 889 3746 Crux
937 3685 1042 3748 illa
1087 3689 1380 3752 versibus
1445 3690 1666 3752 addita
1710 3691 2008 3772 exempla
2053 3691 2375 3771 significat
2440 3690 2596 3753 falsa
2637 3691 2737 3753 vel
2800 3691 3014 3757 dubia.

1007 3803 1475 3879 Fleckeisenu3‚
1527 3807 1686 3869 Krit.
1717 3808 1894 3870 Misc.
1939 3809 2094 3890 Lpz.
2155 3809 2321 3886 1864
2368 3831 2429 3891 p.
2460 3813 2540 3872 28
2566 3829 2707 3890 sqq.
2757 3810 3020 3892 copiose
3068 3807 3373 3892 explicuit
3417 3815 3613 3888 atque
3657 3803 4005 3877 illustravit,

692 3921 868 4002 apud
913 3921 1212 3986 Plautum
1279 3944 1537 4007 semper
1583 3927 1880 4006 coniungi
1953 3947 2100 3987 cum
2173 3925 2458 3988 ›hercle‹
2529 3927 2903 4009 particulam
2947 3924 3437 3989 asseverationis
3480 3921 3607 4004 qui,
3679 3940 4009 4001 nunquam

695 4046 912 4100 autem
976 4041 1146 4120 quin,
1207 4063 1402 4124 quam
1465 4043 1840 4124 particulam
1887 4043 2277 4107 Ritschelius
2338 4044 2500 4106 duce
2561 4043 2799 4123 Pylade
2855 4063 3115 4124 semper
3162 4041 3292 4105 sere
3338 4041 3399 4102 in
3444 4048 3697 4102 textum
3744 4036 4006 4118 recepit.

696 4153 830 4217 Sed
893 4157 1110 4219 omnia
1174 4159 1311 4221 eius
1355 4162 1608 4241 generis
1679 4162 1978 4244 exempla
2044 4162 2426 4243 corrigenda
2470 4169 2617 4223 sunt
2664 4161 2724 4222 in
2778 4159 3047 4223 »Hercle
3092 4159 3238 4242 qui«
3291 4157 3469 4241 quod
3512 4153 4011 4219 luculentissime

695 4271 779 4333 ab
824 4271 1239 4337 Fleckeiseno
1283 4276 1772 4344 demonstratur.

575 4389 647 4472 20)
694 4388 802 4452 Sic
847 4390 1238 4454 Ritschelius
1325 4395 1618 4458 codicem
1661 4398 1756 4461 A:
1803 4397 1876 4459 ssi
1925 4406 2215 4472 secutus;
2269 4397 2487 4479 reliqui
2536 4397 2673 4459 libri
2718 4394 3029 4458 exhibent
3076 4394 3230 4476 sim3
3292 4413 3459 4474 quae
3504 4390 3693 4453 lectio
3741 4389 4011 4454 sortasse

695 4507 936 4569 servari
1003 4518 1241 4590 potest,
1317 4511 1368 4572 si
1441 4511 1847 4574 conferamus
1913 4513 2082 4576 Men.
2134 4515 2282 4593 638.
2376 4515 2555 4579 Pers,
2638 4530 2775 4590 144.
2860 4513 3029 4578 Rud.
3078 4512 3224 4575 628.
3321 4508 3456 4572 Sed
3515 4507 3818 4589 equidem
3865 4526 4012 4570 cum

697 4624 1050 4688 Ritschelio
1097 4625 1262 4689 facio
1307 4637 1504 4708 atque
1549 4631 1843 4712 praefero
1893 4631 2118 4711 optimi
2171 4631 2411 4692 codicis
2456 4630 2834 4692 lectionem:
2884 4649 3045 4696 sum.

574 4737 651 4823 ²²¹)
698 4740 888 4804 Hunc
933 4763 1192 4806 versum
1238 4745 1497 4808 codices
1544 4747 1634 4808 sic
1683 4747 2031 4810 exhibent:
2110 4747 2265 4828 quin
2311 4756 2381 4809 tu
2453 4747 2632 4810 iubes
2676 4747 2898 4821 efferri,
2968 4748 3187 4810 omnia
3233 4765 3403 4829 quae
3448 4743 3549 4806 isti
3596 4741 3777 4805 dedi?
3843 4761 4013 4824 quae

695 4859 893 4921 verba
938 4860 1052 4922 viri
1098 4862 1273 4926 docti
1320 4862 1586 4925 diversis
1634 4866 2014 4927 coniecturis
2059 4885 2288 4928 sanare
2329 4865 2729 4930 studuerunt.
2802 4863 3093 4946 Quarum
3141 4864 3650 4928 coniecturarum
3694 4841 4014 4922 lenissima

697 4975 851 5038 mihi
877 4997 1015 5039 esse
1055 4978 1306 5040 videtur
1328 4979 1638 5054 Lorenzii‚
1671 4983 1778 5064 qui
1803 5003 1860 5044 v.
1895 4985 2056 5062 1338
2085 4982 2319 5044 collato
2344 4983 2535 5044 scribi
2584 4981 2747 5047 vult:
2798 4981 2971 5062 Quin
3019 4981 3198 5044 iubes
3241 4989 3310 5042 tu
3355 4976 3575 5041 ecferri
3614 4979 3851 5046 omnia.
3910 4978 4013 5041 isti

700 5115 868 5175 quae
915 5095 1097 5158 dedi?
1143 5097 1329 5178 Quae
1376 5099 1743 5163 emendatio
1791 5099 2217 5182 praeferenda
2263 5100 2517 5161 videtur
2558 5098 2918 5172 Ritschelii,
2991 5099 3099 5179 qui
3145 5097 3529 5179 pronomine
3582 5117 3782 5178 ›ego‹
3852 5096 4015 5158 inter

705 5232 908 5293 »quae
956 5214 1095 5276 isti<
1150 5215 1389 5278 inserto
1438 5217 1740 5290 „omnia“
1789 5225 1993 5280 mutat
2039 5218 2102 5278 in
2150 5217 2431 5290 ‚,dona.“
2480 5215 2614 5279 Sed
2660 5224 2724 5278 et
2772 5215 2908 5297 ipse
2932 5215 3319 5278 Ritschelius
3362 5214 3531 5277 viam
3579 5234 3655 5276 ac
3698 5210 4016 5276 rationem

700 5351 895 5412 quam
942 5333 1288 5396 Lorenzius
1332 5334 1654 5416 ingressus
1701 5345 1818 5408 est,
1868 5335 1994 5398 iam
2039 5334 2341 5396 indicavit
2387 5333 2491 5418 (ad
2537 5332 2667 5398 Mil.
2724 5333 2937 5413 1314.)
