4409 5675
2119 384 2162 444 9

608 573 779 666 Quo
837 574 904 645 in
961 572 1301 669 exemplo
1365 576 1508 648 »uti
1563 575 1746 647 scire
1801 575 2086 669 possis«
2149 576 2315 648 nihil
2370 572 2561 645 aliud
2620 589 2738 645 est
2822 596 3038 668 quam
3120 586 3490 643 nostrum:
3600 570 3669 643 O
3730 584 4029 665 mogest

609 708 705 779 du
762 709 898 780 das
956 710 1144 781 wohl
1197 710 1614 785 festhalten.

610 842 817 916 Cure.
878 853 1066 936 625:
1124 845 1340 933 Hem,
1397 864 1474 919 ut
1529 846 1716 919 scias
1771 872 1885 919 me
1937 846 2242 919 liberum
2297 872 2487 919 esse.

610 978 843 1051 MerC.
913 984 1086 1069 298.
1141 982 1383 1068 immO,
1441 998 1519 1053 ut
1573 982 1784 1065 sciaS,

1140 1114 1390 1189 Oculis
1448 1142 1742 1212 quoque
1798 1117 2017 1189 etiarn
2076 1114 2241 1211 plus
2295 1116 2433 1186 iam
2485 1115 2705 1187 video
2760 1140 2971 1212 quam
3030 1114 3245 1209 prius.

611 1250 1176 1346 Nonnumquam
1234 1268 1384 1324 tum
1441 1250 1793 1347 particula
1845 1268 1922 1323 ut
1976 1253 2042 1323 in
2098 1251 2729 1323 cohortationibus
2766 1250 3011 1345 posita
3069 1249 3417 1321 invenitur
3475 1248 3751 1320 omisso
3807 1248 4034 1320 verbo

294 1410 338 1453 a
397 1409 544 1478 quo
600 1386 968 1480 pendeat3

613 1516 809 1592 velut
867 1522 1080 1594 Cure.
1152 1544 1330 1614 195:
1391 1522 1598 1596 dictis
1644 1523 2012 1595 moderari
2063 1539 2140 1595 ut
2194 1548 2443 1617 queas.

614 1655 836 1730 Stich.
914 1682 1086 1729 121:
1143 1676 1222 1729 ut
1277 1660 1541 1731 cotidie

1143 1792 1384 1865 Pridie
1441 1809 1704 1866 caveat
1756 1818 1851 1865 ne
1909 1793 2128 1865 saciat
2185 1795 2385 1889 quod
2440 1794 2697 1891 pigeat
2753 1793 3135 1889 postridie.

616 1926 832 2021 Capt.
905 1951 1087 1998 111:
1146 1928 1298 1999 Sed
1353 1929 1450 2001 uti
1504 1930 1984 2003 adserventur
2040 1954 2308 2027 magna
2361 1926 2753 2025 diligentia.

616 2060 824 2133 Cure.
896 2085 1057 2153 131.
1113 2063 1418 2157 periisse
1477 2082 1553 2137 ut
1605 2081 1679 2136 te
1735 2064 1958 2136 dicas,
2020 2065 2203 2137 Rud.
2274 2067 2503 2137 1128:
2557 2064 2721 2135 mihi
2774 2080 2851 2136 ut
2904 2063 3198 2135 reddas,

615 2226 969 2300 Fortasse
1037 2228 1103 2299 in
1177 2226 1308 2300 illis
1373 2230 1725 2324 exemplis
1791 2225 2275 2324 supplendum
2348 2245 2465 2299 est
2534 2228 2832 2300 verbum
2912 2227 3211 2299 timendi
3276 2226 3373 2297 ita
3442 2241 3520 2296 ut
3582 2226 3771 2297 haec
3841 2240 4041 2297 extet

252 2374 682 2447 ..structurat
744 2362 1015 2453 (metuo
1069 2408 1168 2415 ——
1227 2365 1356 2459 —)
1417 2363 1584 2433 mihi
1637 2378 1713 2434 ut
1764 2364 2058 2435 reddas
2178 2362 2335 2435 Sed
2388 2378 2541 2434 utut
2593 2388 2712 2435 res
2766 2388 2850 2435 se
2903 2362 3151 2447 habet,
3209 2361 3363 2433 sine
3422 2359 3644 2432 dubio
3702 2359 3887 2433 haec.
3926 2376 4032 2430 ut-

300 2495 667 2567 enuntiata
725 2521 819 2567 ex
872 2498 1261 2591 παρατάξει
1313 2494 1969 2593 explicanda'sunt
2021 2512 2245 2593 atque
2302 2496 2901 2592 significationem
2952 2496 3232 2568 habent
3287 2512 3685 2591 optantem.
3784 2494 4035 2591 Atque

301 2630 574 2701 eodem
652 2630 879 2702 modo
958 2631 1200 2705 omnia
1268 2632 1783 2719 ut-enuntiata‚
1853 2659 2047 2729 quae
2107 2658 2150 2703 a
2219 2633 2455 2705 verbo
2519 2657 2967 2729 praegresso
3024 2631 3394 2727 pendent,
3482 2648 3653 2704 nata
3712 2648 3877 2703 sunt
3948 2656 4039 2702 ex

302 2765 684 2838 enuntiatis
743 2791 936 2863 quae
991 2786 1156 2842 sunt
1209 2770 1550 2865 optantis

613 2929 820 3025 Ergo
875 2933 1070 3003 velut
1121 2928 1270 3004 Mil.
1333 2955 1372 3023 3
1385 2957 1421 3024 5
1439 2954 1518 3024 5:
1583 2950 1658 3004 at
1712 2951 1956 3007 metuo
2012 2951 2089 3006 ut
2142 2936 2323 3007 satis
2376 2936 2475 3007 sis
2532 2933 2847 3006 subdola

297 3068 401 3138 sic
459 3085 575 3140 est
633 3064 1203 3141 dissolvendum:
1263 3071 1452 3141 doeh
1507 3071 1618 3141 ich
1672 3071 1790 3142 bin
1826 3072 2136 3165 besorgt
2190 3073 2546 3162 clariiber3
2602 3116 2701 3124 --
2760 3115 2859 3124 -—
2916 3095 2963 3140 o
3016 3069 3387 3140 mochtest
3440 3069 3537 3139 du
3594 3069 3782 3141 doch
3836 3067 4041 3140 recht

297 3201 548 3274 schlau
602 3205 780 3276 sein.
1727 3183 1730 3187 ἵ
2394 3206 2399 3209 ’

618 3339 816 3412 Trin.
854 3364 1002 3431 40:
1061 3367 1262 3426 uxor,
1317 3367 1696 3433 venerare,
1755 3360 1832 3414 ut
1882 3343 2094 3415 nobis
2144 3342 2337 3415 haec
2390 3342 2741 3414 habitatio

1040 3477 1249 3550 Bona
1305 3478 1542 3550 fausta
1598 3475 1765 3550 felix
1822 3479 2335 3574 fortunataque
2394 3496 2685 3551 evenat.

1041 3613 1224 3685 Bete
1283 3659 1386 3667 —
1440 3658 1539 3667 ——·
1595 3640 1641 3686 0
1701 3617 1990 3687 mochte
2045 3615 2235 3687 doch
2290 3629 2429 3688 ete.

621 3741 881 3816 Pseud.
952 3753 1124 3838 163:
1184 3749 1399 3820 facite
1458 3766 1534 3821 ut
1589 3749 1963 3824 offendam
2018 3767 2283 3846 parata

618 3878 862 3950 Vorsa
919 3905 1180 3976 sparsa
1235 3899 1432 3956 tersa
1488 3901 1720 3958 strata
1773 3885 1967 3958 lauta
2023 3901 2298 3958 structa
2356 3885 2593 3958 omnia
2646 3902 2724 3957 ut
2779 3884 3005 3978 sint.⁸)

617 4015 882 4087 Bacch.
957 4039 1122 4108 105:
1179 4017 1365 4091 intro
1421 4045 1672 4093 eamus
1729 4037 1806 4093 ut
1856 4018 2081 4093 laves.

1144 4153 1363 4225 Lasst
1416 4180 1546 4227 uns
1591 4156 2100 4251 hineingehen.
2215 4157 2285 4230 O
2338 4143 2705 4228 mochtest
2757 4156 2853 4226 du
2909 4170 3044 4227 etc.

617 4281 816 4355 Pers.
891 4307 1063 4370 190:
1124 4285 1259 4355 sed
1318 4303 1392 4356 te
1450 4285 1622 4359 volo
1675 4314 1926 4362 curare
1985 4335 2086 4344 -—-
2144 4335 2247 4345 —-
2304 4308 2379 4362 ut
2432 4293 2627 4363 domi
2684 4292 2849 4374 sis;'
2894 4291 3002 4363 sei
3052 4290 3243 4363 doch
3299 4317 3384 4362 zu
3440 4289 3717 4364 Hause.

616 4615 666 4698 ⁸)
716 4619 820 4680 Sic
887 4621 1287 4684 Ritschclius.
1414 4622 1760 4684 Lorenzius
1836 4633 2052 4685 autem
2119 4625 2289 4706 (vide
2354 4627 2434 4686 ad
2498 4628 2665 4689 hunc
2740 4627 2975 4709 locum.)
3044 4635 3267 4688 autore
3338 4625 3725 4708 Kiesslingio
3796 4626 4033 4709 (symb.

723 4737 936 4818 philol.
989 4739 1190 4804 Bonn.
1243 4741 1303 4801 in
1350 4739 1500 4804 hon.
1551 4739 1795 4803 Ritsch.
1868 4739 2008 4801 coll.
2075 4761 2138 4822 p.
2210 4744 2381 4824 836.)
2440 4745 2567 4825 legi
2615 4745 2788 4809 vult:
2856 4765 3049 4806 Vorsa
3108 4763 3333 4825 sparsa
3394 4752 3566 4805 tersa
3611 4749 3814 4806 strata
3858 4743 4035 4806 lauta

719 4862 958 4914 structa
1027 4866 1261 4921 cuncta
1328 4857 1414 4917 uti
1485 4858 1626 4916 sint.
1752 4837 1948 4934 Quod
2021 4865 2229 4920 minus
2300 4861 2451 4921 mihi
2514 4861 2743 4941 placet.
2862 4862 3114 4924 Etenim
3181 4861 3233 4922 si
3294 4858 3625 4922 Ritschelii
3695 4858 4033 4920 lectionem

717 4969 1086 5051 accipimuS‚
1153 4972 1546 5052 compositio
1605 4972 1922 5052 quaedam
1983 4973 2323 5037 artificiosa
2392 4997 2465 5038 ac
2512 4978 2647 5040 sine
2711 4977 2911 5038 dubio
2959 4975 3360 5038 considerata
3419 4983 3617 5047 extat,
3663 4995 3808 5036 cum
3854 4983 4035 5037 terna

719 5086 1012 5147 membra
1059 5087 1353 5157 evadant,
1405 5107 1568 5168 quae
1619 5089 1846 5149 eadem
1896 5097 2161 5151 utuntur
2204 5093 2691 5156 terminatione:
2750 5109 2956 5160 Vorsa
3017 5109 3251 5174 sparsa
3307 5099 3490 5158 tersa
3552 5108 3586 5170 3
3634 5111 3709 5152 sa
3757 5098 3833 5173 —l-
3884 5108 3918 5170 3
3969 5100 4037 5154 ta

717 5201 918 5269 strata
985 5201 1160 5269 lauta
1224 5203 1486 5268 structa.
1583 5201 1824 5265 Contra
1887 5203 2271 5268 Lorcnzium
2330 5209 2531 5269 secuti
2594 5208 2981 5270 haberemus
3040 5207 3489 5269 formationem
3556 5225 3589 5286 3
3641 5227 3711 5268 sa
3758 5211 3835 5284 —l—
3880 5226 3924 5285 4
3968 5216 4034 5270 ta

717 5317 894 5397 quod
940 5317 1148 5378 minus
1197 5325 1294 5378 est
1341 5317 1770 5380 artificiosum.

3580 5445 3615 5490 2
