4409 5675
2220 1692 2581 1797 Vita.

841 1981 1069 2049 Natus
1129 2005 1285 2049 sum
1323 1977 1784 2051 Hermannus
1839 1978 2178 2050 Schnoor
2219 1979 2335 2049 die
2390 1978 2591 2049 XXII
2623 1980 2895 2051 mensis
2943 1979 3257 2074 Augusti
3318 2006 3378 2051 a.
3419 1981 3485 2052 h.
3546 2008 3604 2053 s,
3652 1981 3825 2053 LIII.
3877 1979 4263 2076 Slesvigae

516 2133 729 2209 patre
793 2113 1241 2197 Hermanno,
1305 2130 1536 2184 matre
1597 2111 2075 2206 Margaretha
2132 2137 2173 2183 e
2232 2129 2456 2207 gente
2491 2110 2800 2205 Joehnk,
2857 2115 3119 2210 quibus
3177 2114 3419 2186 adhuc
3478 2116 3989 2210 superstitibus
4043 2117 4260 2187 valde

520 2269 757 2321 stetur.
869 2249 1073 2317 Fidei
1133 2249 1468 2319 addictus
1528 2273 1683 2320 sum
1741 2246 2241 2343 evangelicae.
2353 2245 2571 2318 Anno
2628 2247 3202 2320 MDCCCLXV
3273 2250 3732 2343 gymnasium
3787 2250 3929 2320 adii
3993 2248 4258 2321 Slesvi-

512 2409 761 2461 {trs-nse,
849 2409 993 2477 quo
1049 2385 1450 2477 praecipue
1534 2382 1657 2452 viri
1716 2380 2163 2452 illustrissimi
2239 2380 2738 2453 Gidionsenus
2807 2397 3027 2477 atque
3107 2381 3612 2457 Mommsenus
3694 2410 3807 2455 me
3864 2384 3959 2454 ad
4022 2384 4260 2453 studia

512 2517 953 2613 smtiqtnitatis
985 2517 1297 2586 odienda
1337 2518 1865 2613 tractandaque
1898 2515 2399 2602 incitaverunt,
2458 2516 2558 2587 ita
2599 2531 2676 2586 ut
2728 2533 2962 2587 totum
3007 2542 3125 2587 me
3187 2516 3293 2588 eis
3364 2517 3647 2589 dedere
3717 2517 4257 2589 constituerem.

516 2653 925 2721 ,aucturum
981 2677 1045 2723 a.
1105 2653 1167 2721 h.
1233 2677 1289 2725 f..
1346 2649 1647 2721 LXXIII
1702 2649 2128 2745 Gottingam
2184 2674 2300 2721 me
2359 2648 2644 2731 contuli,
2702 2650 2844 2736 ubi,
2900 2674 3060 2721 cum
3118 2651 3400 2733 medici,
3455 2667 3531 2722 ut
3603 2676 3945 2748 magnam
4017 2676 4256 2722 curam

512 2793 572 2858 in
668 2785 1081 2858 valetudine
1177 2786 1449 2858 tuenda
1508 2785 1972 2867 adhiberem,
2065 2783 2231 2855 mihi
2321 2784 2845 2879 imperassent,
2940 2783 3170 2857 solum
3241 2786 3324 2857 V.
3385 2784 3476 2856 D.
3533 2786 3935 2883 Sauppium
4026 2785 4255 2858 disse·

516 2942 793 2994 rentem
855 2926 1105 2994 audire
1165 2922 1388 3018 potui.
1499 2919 1697 2992 Vere
1753 2936 1996 2991 autem
2056 2920 2429 3014 sequentis
2486 2918 2654 2990 anni
2731 2919 3121 2991 academia
3182 2918 3519 3017 Georgia
3591 2921 3935 3018 Augusta
4004 2920 4256 2992 relicta

512 3054 769 3130 latinam
821 3058 1145 3154 migravi..
1233 3057 1349 3127 ubi
1408 3056 1698 3129 scholas
1772 3055 2006 3125 audivi
2087 3054 2397 3125 virorum
2474 3054 3072 3126 doctissimorum
3127 3053 3752 3139 Forchhammeri,
3838 3056 4259 3136 Luebberti‚

516 3190 1113 3286 Uolqiiartlsenii.
1173 3190 1579 3273 Schirrenii,
1638 3187 2070 3272 Thaulowii,
2131 3187 2568 3271 Pfleidereri‚
2654 3188 2944 3272 Rohdii‚
3008 3187 3452 3275 W’einholdi,
3513 3189 3842 3276 Pischeli,
3915 3188 4257 3273 Pseifseri,

508 3326 773 3402 Has-sii.
841 3326 1097 3418 quihus
1153 3324 1486 3399 omnibus
1540 3323 1684 3395 hac
1738 3323 2133 3394 occasione
2191 3322 2368 3394 data
2406 3324 2686 3419 gratias
2726 3347 2875 3416 ago
2909 3347 3127 3417 quam
3157 3324 3528 3396 maximas.
3625 3324 3696 3395 In
3737 3323 3981 3418 primis
4013 3344 4259 3395 autem

504 3478 837 3530 rectores
897 3462 1446 3530 seminat-iorum
1500 3457 1815 3530 historici
1871 3474 1948 3528 et
2000 3454 2446 3551 philologici,
2504 3458 2703 3529 cuius
2758 3483 2892 3552 per
2933 3457 3066 3528 tria
3106 3459 3495 3529 semestria
3526 3457 3802 3530 sodalis
3842 3458 4257 3530 ordinarius

508 3594 620 3674 fui.
717 3594 1237 3674 Luebbertum.
1299 3592 2006 3676 Forchhammerum,
2091 3591 2599 3675 Schirrenium,
2660 3588 3328 3686 Volquardsenium
3388 3594 3834 3687 sempiterna
3915 3596 4259 3664 recorda-

500 3730 697 3798 tione
757 3730 877 3822 piu
937 3746 1305 3822 gratoque
1362 3728 1599 3799 animo
1657 3726 1915 3799 colam.

364 5608 379 5646 n
