4409 5675
2286 400 2369 462 30

737 583 887 657 Mil.
958 610 1188 676 1194:
1249 586 1604 659 Triduom
1666 590 1940 661 servire
2001 615 2393 685 numquam
2448 608 2547 675 te,
2608 590 2777 685 quin
2828 588 3013 661 liber
3070 590 3188 669 εἰς,
3246 590 3497 660 sinam.

739 718 1016 813 Amph.
1085 726 1275 813 308:
1334 721 1508 793 Non
1566 722 1760 795 seret
1813 724 1979 819 quin
2034 723 2357 819 vapulet.

739 854 936 925 Men.
1000 875 1088 946 7²
1104 876 1181 946 5:
1237 854 1428 941 Non,
1485 856 1804 951 inquam,
1866 858 2099 952 patiar
2151 858 2610 953 praeterhac,

1246 988 1438 1081 Quin
1497 991 1714 1063 vidua
1767 993 2025 1072 vivam,
2079 1018 2299 1087 quam
2352 1010 2521 1064 tuos
2576 1018 2825 1064 mores
2878 995 3265 1087 perferam.

739 1118 1004 1215 Amph,
1061 1125 1249 1214 887:
1305 1124 1480 1197 Non
1533 1125 1810 1221 edepol
1865 1128 2128 1199 faciam
2183 1152 2425 1221 neque
2484 1150 2599 1199 me
2656 1127 3035 1222 perpetiar
3086 1124 3337 1221 probri

1325 1256 1552 1330 Falso
1607 1258 2111 1345 insimulatum,
2171 1261 2339 1357 quin
2412 1286 2561 1356 ego
2626 1261 2817 1335 illum
2872 1276 3001 1332 aut
3064 1258 3414 1330 deseram

1329 1391 1484 1464 Aut
1540 1391 1759 1468 faciat
1813 1394 1990 1466 satis
2047 1394 2166 1467 ille
2224 1412 2448 1491 atque
2506 1394 2794 1467 adiuret
2846 1396 3157 1488 insuper.

735 1520 816 1624 d)
873 1523 1227 1598 Fortasse
1259 1527 1399 1598 huc
1439 1553 1738 1622 quoque
1797 1528 2186 1602 reserenda
2242 1545 2407 1602 sunt
2459 1532 2606 1602 duo
2660 1526 3022 1623 exempla,
3074 1527 3141 1597 in
3201 1524 3460 1620 quibus
3500 1526 3809 1596 verbum
3869 1523 4177 1595 durandi

418 1692 578 1738 cum
641 1668 816 1762 quin
869 1666 1222 1761 particula
1280 1662 1758 1757 coniungitur.

741 1800 962 1872 Cure.
1037 1800 1213 1888 178:
1271 1798 1662 1869 Enimvero
1719 1821 2020 1892 nequeo
2079 1798 2346 1871 durare
2404 1799 2573 1893 quin
2629 1822 2777 1892 ego
2838 1818 3045 1869 erum
3106 1816 3460 1866 accusem
3518 1815 3779 1865 meum.

737 1930 886 2006 Mil.
963 1955 1212 2021 1249:
1273 1930 1564 2002 Durare
1623 1956 1918 2025 nequeo
2358 1931 2477 2007 Ich
2534 1932 2732 2003 kann
2788 1956 2872 2002 es
2928 1928 3121 2001 nicht
3179 1922 3584 2005 aushalten,
3639 1923 3753 1995 ich

1294 2064 1487 2156 Quin
1545 2046 1731 2136 intro
1788 2090 1971 2138 eam.
2376 2062 2513 2137 will
2570 2064 3097 2161 hineingehem
3158 2084 3429 2131 warum
3484 2058 3671 2129 auch
3730 2058 3968 2134 nicht?

738 2226 845 2299 111.
907 2228 1104 2320 Quin
1161 2227 1519 2323 particula
1575 2228 1836 2299 transit
1887 2229 1956 2299 in
2013 2223 2381 2317 ὑπόταξιν.

731 2361 1004 2433 Forma
1055 2362 1170 2433 vel
1225 2359 1452 2432 facies
1511 2359 1866 2433 eiusmodi
1925 2378 2443 2434 structurarum
2494 2362 2683 2434 haec
2740 2378 2895 2433 est:
2950 2362 3022 2431 In
3082 2360 3447 2433 sententia
3522 2352 3865 2447 primaria
3932 2356 3994 2428 is
4061 2355 4183 2449 qui

295 2568 316 2585 ‚
410 2494 754 2567 dissentit
805 2494 880 2566 id
937 2494 1112 2589 agit,
1194 2510 1270 2565 ut
1329 2510 1579 2567 orator
1634 2492 1908 2589 aliquid
1962 2497 2287 2581 omittat3
2371 2496 2511 2568 huc
2596 2497 2813 2590 igitur
2892 2494 3133 2567 omnia
3202 2496 3573 2589 pertinent
3636 2495 3867 2566 verba
3935 2487 4181 2586 prohi-

415 2628 661 2717 bendi,
720 2627 1104 2699 dubitandi
1155 2626 1554 2722 similiaque
1613 2629 2015 2722 negatione
2075 2630 2431 2725 praedita.

731 2760 810 2864 a)
867 2760 978 2833 Ac
1037 2761 1343 2859 primum
1399 2762 1696 2857 quidem
1749 2761 1845 2833 de
1911 2760 2044 2833 illis
2129 2762 2946 2860 quin-enuntiationibus
3027 2760 3301 2861 loquar,
3394 2788 3587 2858 quae
3670 2758 4003 2856 pendent
4084 2779 4181 2828 ex

412 2920 870 2994 praegresso
943 2891 1481 2991 prohibendiw)
1544 2897 1802 2968 verbo,
1925 2897 2313 2970 Uberrime
2396 2924 2482 2970 ac
2552 2898 3037 2992 sagacissime
3104 2899 3295 2969 hanc
3362 2913 3795 2969 structuram
3854 2893 4179 2966 Haasius

417 3027 781 3116 tractatfl)
837 3053 988 3125 quo
1059 3032 1248 3104 duce
1325 3029 1858 3134 Kruegerusw)
1949 3031 2136 3105 haec
2197 3035 2457 3105 docet:
2552 3031 2777 3102 »Hier
2840 3032 3021 3102 wird
3088 3031 3269 3102 aber
3324 3030 3517 3102 nicht
3572 3030 3709 3101 wie
3765 3026 3997 3100 durch
4054 3051 4175 3112 ne,

411 3161 642 3236 dmch
701 3162 870 3258 quin
944 3162 1108 3239 eine
1174 3162 1516 3258 negative
1582 3163 1898 3238 Absicht
1967 3166 2469 3262 ausgedriickt
2540 3168 2751 3261 (dass
2814 3184 3047 3238 etwas
3114 3163 3308 3238 nicht
3360 3163 3793 3258 geschehen
3864 3157 4177 3259 solle‚)

409 3296 736 3369 sondern
793 3323 922 3368 nur
977 3313 1274 3394 gesagt‚
1368 3297 1505 3369 das
1564 3297 1998 3371 Hinderniss
2057 3299 2163 3371 sei
2214 3300 2405 3371 nicht
2480 3299 2617 3372 der
2669 3300 2837 3383 Art,
2920 3300 3136 3371 dass
3195 3298 3445 3372 nicht
3525 3293 3951 3368 dennoch
4018 3318 4173 3386 ge-

413 3430 774 3515 schehe,
861 3455 1016 3502 was
1071 3429 1465 3524 gehindert
1515 3431 1823 3504 werden
1875 3430 2110 3506 sollte.
2230 3434 2330 3504 Es
2390 3432 2566 3527 liegt
2622 3432 2781 3506 also
2838 3431 3233 3530 eigentlich
3292 3457 3424 3508 nur
3477 3431 3596 3502 die
3652 3426 4179 3523 Bezeichnung

1049 3723 1316 3819 Neque
1374 3752 1492 3798 me
1543 3725 1870 3822 Juppiter
1925 3753 2167 3822 neque
2226 3727 2297 3800 di
2351 3754 2605 3802 omnes
2662 3729 2734 3800 id
2790 3729 3305 3824 prohibebunt,
3368 3729 3428 3802 si
3486 3727 3753 3804 volent.

1051 3857 1246 3950 Quin
1299 3859 1400 3934 sic
1455 3859 1713 3935 faciam
1765 3861 1864 3939 uti
1921 3862 2279 3936 constitui.

411 3991 598 4083 hunc
657 3991 1021 4086 praebeat
1080 4016 1406 4066 sensum:
1488 3994 1861 4090 impeditio
1923 3997 2017 4068 ad
2092 3995 2356 4068 irritum
2429 3998 2683 4084 cadet,
2764 3995 3026 4070 frustra
3099 3997 3265 4086 erit3
3320 4010 3543 4092 atque
3620 3994 3728 4065 hic
3804 3989 4008 4062 locus
4062 3985 4173 4058 sic

411 4119 928 4230 dissolvendus
988 4123 1116 4195 sit:

731 4282 1255 4367 Adversarius:
1313 4286 1431 4358 Du
1488 4287 1687 4360 wirst
1741 4289 1942 4360 nicht
1981 4313 2066 4360 so
2121 4287 2465 4376 handeln‚
2526 4291 2661 4362 wie
2723 4294 2819 4362 du
2878 4317 2961 4363 es
3013 4290 3519 4376 beschlossen,
3576 4291 3811 4362 daran
3866 4285 4169 4359 werden

1315 4419 1478 4491 dich
1538 4419 1656 4492 die
1719 4421 1990 4493 GOtter
2049 4423 2377 4496 hindern.

729 4550 1009 4622 Orator
1065 4568 1336 4625 autem:
1399 4552 1708 4626 Freilich
1765 4557 2016 4628 werde
2074 4556 2191 4628 ich
2252 4581 2339 4629 so
2393 4555 2735 4646 handeln‚
2796 4559 2989 4632 nicht
3045 4560 3344 4632 werden
3401 4556 3521 4629 die
3578 4555 3846 4630 Gotter
3904 4569 4043 4626 ete.

729 4685 840 4755 En
896 4683 1267 4780 exempla:
4362 4687 4365 4900 ι

410 3564 616 3636 eines
669 3564 1171 3662 negativen
1224 3564 1665 3661 Erfolges
1719 3563 1990 3637 darin.‹
2108 3566 2316 3664 Ergo
2373 3570 2569 3640 velut
2628 3567 2891 3664 Amph.
2964 3589 3190 3662 1051:

710 5052 786 5138 ⁷⁰)
829 5029 1124 5118 Verbum
1175 5057 1570 5140 impediendi
1621 5081 1764 5122 cum
1812 5061 1962 5144 quin
2011 5063 2423 5124 coniunctum
2470 5065 2644 5144 apud
2680 5063 2981 5125 Plautum
3036 5085 3353 5144 nusquam
3404 5063 3735 5124 invenitur.
4360 5049 4363 5248 t

707 5167 782 5255 ⁷¹)
827 5171 1062 5254 Reisig.
1117 5173 1324 5237 Vorls.
1376 5176 1478 5237 ed.
1532 5177 1799 5238 Haasius
1847 5177 2061 5239 adnot.
2122 5193 2251 5255 492
2302 5199 2364 5259 p.
2419 5190 2555 5257 579.

705 5285 778 5372 ⁷⁹)
824 5287 1090 5352 Gramm
1163 5290 1223 5352 d.
1273 5290 1376 5352 lat.
1430 5289 1573 5373 Spr.
1627 5291 1662 5374 g
1713 5305 1853 5372 575.
4358 5389 4361 5598 Ι
