4409 5675
2022 380 2102 447 35

501 582 652 659 Mil.
709 590 901 677 603:
957 584 1226 680 Neque
1277 598 1538 680 potest
1590 583 1786 679 quin,
1848 583 1912 656 si
1963 582 2275 656 inimicis
2306 562 2578 670 'usuist,
2639 582 2837 655 obsit
2892 583 3043 656 tibi.

499 748 770 820 Bacch.
833 768 1017 841 559:
1123 747 1372 821 Video
1425 771 1575 819 non
1626 760 1940 843 potesse
1994 746 2170 843 quin
2223 745 2351 819 tibi
2404 744 2561 818 eius
2616 770 2889 818 nomen
2948 741 3279 842 eloquar.

501 910 564 1005 f)
625 909 1033 983 Praeterea
1085 925 1436 1005 quattuor
1490 904 1834 1005 exempla
1886 910 2088 1006 apud
2167 906 2501 983 Plautum
2554 908 3036 995 inveniuntur,
3115 908 3190 1007 in
3270 910 3532 1009 quibus
3622 934 3901 1007 »posse
3924 942 3947 975 ‹

205 1046 436 1119 deest.
541 1044 734 1119 Dico
788 1042 990 1118 velut
1039 1041 1500 1166 exemplum:
1555 1044 1686 1117 Mil
1746 1046 1925 1137 283:

1447 1206 1622 1279 Non
1677 1207 1868 1282 enim
1919 1205 2184 1281 faciam
2238 1205 2410 1303 quin
2458 1204 2682 1280 scias.

501 1371 635 1446 Est
684 1368 959 1445 idioma
1011 1371 1378 1445 sermonis
1433 1369 1823 1455 familiaris,
1895 1369 2098 1441 cuius
2161 1367 2604 1467 significatio
2660 1383 2981 1464 apparet
3048 1395 3142 1443 ex
3193 1368 3474 1465 Amph.
3535 1370 3685 1462 887
3710 1429 3726 1461 ,
3797 1396 3955 1467 quo

186 1504 344 1577 loco
381 1504 558 1577 illud
593 1504 843 1578 facere
877 1504 1342 1601 coniungitur
1395 1528 1559 1577 cum
1612 1504 1853 1577 verbo
1913 1502 2267 1600 ›pet-peti.
2288 1534 2315 1569 ι
2378 1501 2755 1598 Significat
2806 1518 3096 1581 autem:
3180 1502 3307 1577 Ich
3360 1503 3557 1583 kann
3614 1530 3701 1580 es
3756 1505 3957 1579 nicht

187 1640 362 1714 iiber
416 1638 612 1713 mich
675 1638 1094 1739 gewinnen‚
1159 1637 1274 1711 ich
1337 1638 1536 1711 kann
1588 1638 1789 1713 nicht
1853 1636 2117 1727 umhin‚
2191 1636 2316 1709 ich.
2366 1636 2567 1711 kann
2630 1636 2833 1713 nicht
2882 1636 3107 1713 dahin
3179 1638 3552 1735 gebracht
3625 1638 3957 1716 werden.

183 1772 382 1869 Ergo
439 1770 650 1846 locus
703 1770 823 1845 ille
880 1798 978 1845 ex
1029 1770 1259 1846 Milite
1319 1770 1580 1845 allatus
1635 1772 1738 1844 sic
1793 1788 1913 1846 est
1968 1771 2489 1867 explicandus:
2580 1771 2707 1857 Ich
2773 1771 2973 1845 kann
3045 1771 3367 1849 fiirwahr
3425 1772 3623 1850 nicht
3686 1774 3959 1860 umhin,

185 1904 293 2007 (es
345 1906 468 1979 dir
518 1934 607 1979 zu
659 1910 924 2003 sagen)
983 1906 1122 1981 wie
1175 1908 1469 1981 solltest
1521 1908 1620 1979 du
1675 1932 1762 1979 es
1821 1906 2020 1980 nicht
2073 1906 2463 1980 erfahren?

499 2068 643 2145 Mil.
707 2092 898 2165 473:
955 2070 1117 2145 Sed
1167 2095 1560 2166 numquam
1617 2070 2008 2167 quisquam
2059 2068 2279 2147 faciet
2335 2068 2505 2166 quin
2556 2092 2777 2141 soror

952 2204 1106 2279 Ista
1155 2204 1248 2278 sit
1299 2228 1659 2300 germana
1708 2204 1942 2280 huius,

179 2337 211 2410 i.
265 2366 332 2414 e.
393 2339 616 2413 Aber
669 2339 1034 2413 Niemand
1111 2338 1295 2412 wird
1346 2338 1538 2412 mich
1589 2338 1814 2415 dahin
1863 2339 2172 2439 bringen
2260 2341 2374 2435 (zu
2425 2339 2770 2432 glauben,
2849 2336 3029 2421 dass
3110 2338 3221 2416 sie
3302 2337 3501 2413 nicht
3554 2338 3720 2437 sei),
3809 2338 3952 2413 wie

175 2472 378 2547 sollte
438 2473 551 2549 sie
607 2472 805 2546 nicht
853 2489 994 2546 etc.

495 2634 763 2731 Amph.
823 2636 1014 2729 398:
1130 2635 1254 2709 Tu
1305 2661 1424 2711 me
1480 2635 1694 2708 vivos
1749 2636 1980 2711 hodie
2033 2662 2427 2735 numquam
2481 2635 2707 2715 facies
2758 2636 2930 2735 quin
2985 2636 3123 2715 sim
3179 2635 3419 2713 Sosia.

174 2769 210 2843 i.
264 2796 335 2846 e.
397 2770 530 2845 Du
585 2767 796 2845 sollst
845 2796 931 2844 es
984 2769 1216 2845 heute
1274 2770 1471 2845 nicht
1537 2770 1762 2845 dahin
1824 2771 2160 2868 bringen,
2252 2771 2462 2862 (dass
2519 2769 2635 2843 ich
2700 2769 2899 2847 nicht
2952 2770 3177 2852 Sosia
3255 2769 3406 2868 bin)
3493 2769 3629 2844 wie
3714 2768 3943 2844 sollte

172 2905 276 2977 ich
325 2905 540 2980 nicht
589 2905 812 2979 Sosia
863 2904 1068 2978 sein?

492 3065 722 3142 Stich.
787 3085 958 3161 754:
1011 3067 1434 3165 Numquam
1488 3068 1682 3142 enim
1736 3067 1866 3143 fiet
1913 3069 2145 3144 hodie
2201 3071 2376 3166 quin
2428 3071 2655 3143 saltet
2704 3086 2978 3143 tamen.

163 3188 198 3274 i.
250 3230 316 3276 e.
374 3203 529 3276 Nie
584 3203 902 3277 ffirwahr
953 3203 1136 3276 wird
1187 3201 1297 3278 sie
1352 3203 1576 3278 dahin
1629 3205 1998 3302 gebracht
2047 3205 2357 3278 werden
2410 3202 2617 3304 (dass
2673 3204 2784 3278 sie
2840 3201 3037 3277 nicht
3089 3210 3338 3300 tanzt),
3394 3203 3532 3277 wie
3570 3193 3789 3278 sollte
3828 3204 3941 3278 sie

165 3337 360 3412 nicht
418 3337 775 3411 dennoch
828 3352 1092 3412 tanzen
1115 3339 1139 3412 ?

489 3501 698 3599 Ergo
750 3502 995 3576 omnia
1050 3497 1394 3600 exempla
1447 3499 1660 3576 facile
1716 3529 1814 3577 ex
1864 3503 2260 3600 παρατάξει
2316 3515 2529 3574 ortae
2588 3501 2941 3599 explicari
3017 3516 3354 3598 possunt.
3464 3501 3937 3597 Quamquam

159 3635 731 3709 concedendum
783 3653 924 3726 est,
982 3637 1174 3710 hanc
1232 3663 1406 3711 esse
1480 3615 1920 3736 singularem
1990 3652 2467 3727 structuram3
2544 3635 2683 3709 sed
2753 3637 2827 3714 in
2890 3659 3236 3709 sermone
3301 3632 3631 3708 familiari
3714 3634 3941 3708 comi-

157 3795 412 3843 corum
501 3771 767 3844 multas
845 3767 1261 3846 locutiones
1339 3787 1613 3867 postea
1681 3772 2064 3845 inusitatas
2119 3770 2416 3844 inveniri
2468 3794 2693 3844 nemo
2748 3771 3065 3868 ignorat.
3122 3813 3223 3824 —-
3282 3769 3687 3864 Quomodo
3743 3769 3931 3844 eius-

155 3906 358 3977 modi
417 3919 838 3977 structurae
891 3921 1100 3980 ortae
1159 3906 1322 3996 sint,
1384 3909 1480 3980 de
1538 3933 1630 3980 ea
1683 3907 2128 4003 quaestione
2212 3905 2394 3979 satis
2475 3903 2963 4002 probabiliter
3014 3903 3414 3976 Lorenzius
3484 3902 3785 3977 disserit
3836 3901 3936 3975 ad

155 4038 297 4113 Mil.
359 4059 558 4131 473.
617 4040 684 4111 Is
736 4039 930 4112 enim
985 4040 1262 4130 statuit,
1349 4067 1444 4113 ex
1523 4057 1887 4114 structura
1939 4039 2058 4114 illa
2123 4039 2530 4112 admodum
2587 4037 2989 4136 frequenti:
3056 4031 3320 4112 faciam
3379 4041 3509 4138 (te)
3581 4056 3660 4113 ut
3709 4037 3931 4128 scias,

153 4171 354 4248 dicas
419 4188 573 4246 etc,
627 4189 873 4246 natum
931 4200 1103 4248 esse
1169 4200 1606 4273 »numquam
1660 4192 1736 4249 te
1791 4172 2055 4249 saciafn
2109 4191 2233 4247 ut«
2293 4173 2417 4248 vel
2475 4173 2819 4272 negative
2882 4173 3119 4275 »quin.
3144 4207 3168 4240 ‹

599 4564 731 4628 fere
763 4584 972 4647 genus
1001 4564 1378 4629 seminarum
1424 4566 1488 4628 in
1517 4565 1944 4628 antecedente
1968 4585 2156 4628 versu
2202 4566 2539 4630 allatarum
2584 4566 2928 4652 pertineat,
2976 4565 3133 4628 nihil
3176 4565 3330 4628 novi
3358 4563 3700 4647 profertur,
3750 4565 3931 4646 quod

592 4690 868 4764 propter
906 4681 1290 4764 particulam
1342 4691 1558 4744 ›tum‹
1611 4683 1749 4745 sine
1794 4682 1996 4745 dubio
2041 4691 2479 4764 exspectatur.
2598 4683 2813 4764 Quam
2861 4683 2950 4747 ob
2997 4703 3264 4747 causam
3312 4702 3441 4764 ego
3503 4665 3653 4744 curn
3700 4679 3933 4744 Stude·

592 4798 864 4862 mundio
905 4798 1094 4866 facio,
1163 4799 1228 4862 Is
1273 4799 1445 4862 enim
1488 4800 1554 4862 in
1598 4799 1826 4863 codice
1869 4801 1938 4862 A
1981 4799 2261 4863 invenit:
2321 4809 2461 4863 tum
2506 4799 2696 4882 plica,
2756 4799 2935 4883 quod
2980 4810 3157 4865 recte
3182 4800 3246 4865 in
3282 4808 3457 4863 »tum
3483 4797 3922 4882 ›plicatricem‹

609 4913 1176 5000 (Kleidersalterin)
1219 4916 1498 4978 mutavit
1541 4915 1790 5000 (Herm.
1835 4915 1865 4978 1
1910 4937 1983 4998 p.
2028 4918 2160 4996 289
2196 4917 2345 5000 sq.)

911 5057 1102 5140 Quae
1149 5060 1526 5124 coniectura
1564 5059 1711 5144 plus
1755 5059 1956 5124 habet
1998 5059 2475 5144 probabilitatis
2522 5081 2720 5143 quam
2765 5060 3117 5128 Ritschelii.
3218 5061 3367 5123 Huc
3410 5059 3681 5136 accedit,
3746 5057 3927 5141 quod

590 5175 1024 5241 Tertullianus
1055 5177 1184 5262 '(de
1229 5174 1426 5260 pallio
1478 5177 1540 5263 5)
1607 5178 1785 5260 apud
1829 5179 2166 5242 Romanos
2212 5176 2585 5261 vestiplicos
2638 5188 2706 5243 et
2754 5179 3125 5262 vestiplicas
3170 5177 3369 5242 fuisse
3428 5183 3919 5240 commemorat·

595 5291 892 5358 Conseri-i
938 5315 1201 5378 quoque
1261 5303 1483 5379 potest
1523 5293 1683 5359 Trin
1729 5306 1881 5375 252,
1924 5315 2059 5378 quo
2103 5295 2254 5359 loco
2302 5293 2711 5380 »vestiplicm
2759 5295 3147 5362 vocabulum
3192 5294 3526 5360 invenitur.

3528 5409 3589 5481 ⁵0
