4409 5675
2099 387 2182 452 27

573 580 730 653 Sed
791 582 884 653 de
944 582 1057 653 his
1117 582 1696 675 quaestionibuS,
1758 608 1948 676 quae
2025 581 2120 653 ad
2180 607 2438 653 omnes
2504 582 3041 653 enuntiationes
3114 606 3201 651 ex
3262 580 3602 674 primaria
3658 582 4025 653 sententia

255 715 672 808 pendentes
725 732 1090 809 spectant,
1146 717 1524 789 hactenus.
1639 716 1891 810 Atque
1963 740 2152 788 nunc
2185 732 2188 740 ’
2225 716 2614 788 redeamus
2687 717 2784 787 ad
2857 714 3431 809 quin-enuntiata
3488 715 3558 783 in
3610 716 3751 785 hac
3784 734 4016 808 xpara-

252 848 543 943 grapho
601 846 1042 921 illustranda.
1153 850 1316 921 Huc
1377 866 1621 921 autem
1677 876 1770 923 ea
1809 850 2391 947 quin-enuntiata
2431 849 2823 921 referenda
2858 866 3043 935 sunt,
3102 856 3295 942 quae
3353 872 3517 921 cum
3556 848 4022 942 praegressis

251 982 444 1054 hunc
499 982 571 1053 in
623 984 922 1055 modum
963 984 1527 1081 coniunguntur:
1583 984 2169 1079 orator-negatis
2212 984 2319 1055 eis
2370 1009 2562 1077 quae
2623 983 3099 1055 adversarius.
3143 983 3213 1053 in
3268 982 3639 1055 sententia
3674 982 4022 1075 primaria

254 1116 582 1202 affirmat,
640 1118 1342 1212 quin-enuntiatione
1400 1144 1591 1212 quae
1647 1119 1812 1213 ipse
1867 1119 2087 1189 sentit
2140 1117 2355 1189 affert
2408 1142 2545 1211 pro
2606 1117 2791 1189 falsa
2848 1117 3261 1189 adversarii
3295 1117 3729 1189 {sententiaa
3776 1114 4018 1211 -Ergo

249 1250 454 1323 locus
513 1251 635 1346 qui
689 1266 806 1324 est
855 1249 1098 1325 Aulul.
1170 1274 1298 1343 131
1368 1277 1500 1347 sq.:

567 1412 835 1508 Neque
889 1416 1254 1485 occultum
1307 1413 1376 1484 id
1433 1412 1690 1488 haberi
1749 1439 1989 1507 neque
2047 1430 2246 1485 metu
2304 1414 2609 1485 mussari

567 1548 764 1639 Quin
819 1548 1262 1643 participem
1316 1548 1599 1641 pariter
1651 1572 1805 1643 ego
1861 1563 1934 1618 te
1994 1562 2207 1618 et·tu
2261 1572 2375 1618 me
2432 1562 2508 1618 ut
2562 1544 2890 1640 facias‘ffi)

561 1684 671 1755 sic
753 1680 1228 1777 explicandus
1287 1697 1436 1753 est:
1551 1679 2042 1752 Adversarius
2100 1696 2341 1775 putat:
2430 1678 2841 1753 »occultum
2892 1680 3357 1769 id'haberi‹·‚
3406 1706 3667 1777 ,quam
3726 1694 4013 1752 senten-

245 1818 413 1890 tiam
457 1832 708 1889 orator
757 1841 1041 1910 negans
1091 1842 1134 1885 e
1181 1816 1550 1887 contrario
1604 1814 1808 1886 dicit:
1889 1814 2128 1906 »Quin
2157 1815 2586 1909 participem
2620 1816 2897 1909 pariter
2930 1841 3077 1909 ego
3110 1831 3183 1887 te
3216 1832 3293 1885 et
3322 1820 3544 1887 tunie
3588 1829 3665 1886 ut
3702 1812 3951 1900 facias.
3978 1844 4001 1877 ‹

505 1952 588 2051 a)
645 1950 804 2021 Huc
845 1966 1090 2021 autem
1129 1965 1476 2044 spectant
1514 1975 1610 2021 ea
1663 1946 2020 2043 exempla,
2059 1949 2194 2019 ubi
2248 1949 2317 2019 in
2368 1949 2735 2020 sententia
2790 1949 3138 2042 primaria
3176 1962 3400 2021 extat
3448 1947 3801 2042 particula
3854 1964 4009 2019 tam

244 2111 405 2157 curn
463 2084 844 2157 adiectivo
899 2085 1304 2161 coniuncta.
1419 2082 1544 2155 Ad
1613 2083 1803 2155 hunc
1871 2108 2078 2154 usum
2153 2081 2653 2155 illustrandum
2717 2082 3017 2162 afferam
3102 2083 3453 2177 optimam
3524 2080 3719 2154 illam
3790 2106 4001 2153 enun-

242 2218 642 2300 tiationem,
699 2242 890 2312 quae
949 2232 1071 2288 est
1126 2217 1428 2291 Terent.
1493 2217 1759 2289 Heaut.
1815 2216 1936 2288 IV.
2007 2240 2072 2289 2.
2137 2218 2227 2287 8:

559 2352 678 2423 Nil
731 2368 883 2423 tam
935 2348 1316 2437 difficilest,
1379 2350 1576 2444 quin·
1608 2351 2038 2445 quaerendo
2093 2350 2525 2443 investigari
2582 2350 2897 2444 possiet.
2944 2400 2971 2417 -.

515 2487 624 2557 .ln
704 2484 848 2559 hoc
933 2484 1151 2581 igitur
1229 2482 1574 2579 exemplo
1665 2501 1859 2555 »tam
1944 2483 2278 2556 difficile«
2388 2488 2507 2555 est
2580 2484 2973 2561 sententia·
3029 2484 3185 2555 eius
3257 2486 3409 2578 qui·
3446 2484 3803 2566 dissentit,
3892 2485 4005 2555 cui

241 2620 614 2691 vocabulo
678 2616 860 2691 »nil«
927 2635 1251 2712 negatae
1306 2633 1562 2690 orator
1620 2619 1798 2692 satis
1853 2619 2304 2691 affirmanter-
2360 2618 2673 2712 opponit
2713 2620 2945 2691 venba
2997 2618 3757 2713 quin-enuntiationist·
3806 2617 4003 2710 Quin

239 2752 671 2849 quaerendo
725 2752 1151 2849 investigari
1205 2752 1536 2848 possiet?

1485 2885 1790 2959 Warurn
1847 2885 2062 2960 solite
2119 2913 2201 2958 es
2255 2886 2450 2960 nicht
2513 2947 2526 2959 .
2584 2943 2599 2958 .
2640 2929 2671 2958 -.-
2722 2890 2755 2958 2

433 3067 438 3074 -
553 3022 757 3118 Ergo
791 3045 880 3093 ex
920 3019 1276 3092 eiusmodi
1333 3017 1694 3114 exemplis
1751 3018 2026 3092 facilius
2071 3035 2547 3116 cognoscere:
2593 3043 3009 3115 pessuium,
3067 3048 3109 3092 a
3167 3021 3523 3114 principio
3551 3021 3737 3104 hauc
3771 3036 3998 3112 struo«

235 3173 469 3231 turam
522 3161 1070 3250 παρατακτικῶς
1124 3180 1233 3226 se*
1261 3153 1632 3225 habuisse.

551 3315 780 3410 ”Apud
838 3315 1167 3388 Plautum
1222 3329 1466 3387 autem
1517 3315 1708 3386 haec
1766 3313 2106 3410 exempla
2159 3315 2660 3388 inveniuntur:

561 3451 764 3522 Pers.
828 3459 1014 3539 690:
1075 3446 1192 3522 Nil
1243 3443 1408 3521 mihi
1467 3463 1613 3520 tarn
1666 3449 1961 3543 parvist‚
2022 3449 2193 3544 quin
2252 3473 2369 3522 me
2428 3447 2501 3521 id
2558 3450 2817 3545 pigeat
2871 3426 3208 3544 perdere.
3368 3476 3395 3484 ·’
3510 3464 3518 3482 ’

556 3583 774 3678 Capt.
813 3587 994 3672 408:
1053 3583 1466 3678 Numquam
1523 3582 1661 3653 erit
1713 3597 1876 3653 tam*
1920 3607 2207 3670 avarus,
2266 3585 2435 3679 quin
2491 3607 2707 3654 manu
2760 3599 2835 3655 te
2894 3583 3181 3654 emittat
3231 3581 3603 3675 gratiis⁶⁴).

555 3716 763 3790 Asin.
823 3743 1007 3810 944:
1066 3717 1232 3792 Nec
1290 3717 1752 3812 quisquamst
1806 3732 1957 3787 tam
2011 3716 2313 3809 ingenio
2368 3718 2550 3788 duro
2604 3741 2739 3788 nec
2792 3715 3207 3788 tam·firmo
3259 3733 3593 3810 pectore,

1085 3850 1298 3943 Quin,
1345 3851 1464 3922 ubi
1524 3851 1848 3945 quicque,
1892 3850 2297 3924 occasionis
2356 3851 2467 3938 sit,
2524 3851 2663 3924 sibi
2716 3850 3206 3922 faciatbene.

553 3983 763 4057 Cure.
833 3987 1014 4074 284:
1074 3984 1234 4056 Nec
1290 3984 1678 4079 quisquam
1734 3983 1828 4056 sit
1880 3997 2028 4052 tam
2082 3981 2495 4078 opulentuS,
2554 3985 2675 4080 qui
2728 3985 2819 4056 mi
2876 3983 3191 4059 obsistat
3240 3984 3309 4057 in
3366 3983 3507 4073 via,
3574 4027 3835 4092 “fni-7.
3886 4028 3991 4037 —-

817 4119 1008 4206 287:
1065 4117 1257 4210 Quin
1313 4117 1550 4198 cadat,
1617 4117 1788 4210 quin
1847 4116 2092 4211 capite
2147 4117 2364 4189 sistat
2417 4119 2485 4190 in
2541 4117 2654 4190 via
2713 4119 2807 4190 de
2862 4118 3161 4203 semita·
3274 4185 3279 4194 ,
3470 4205 3473 4212 ¹

548 4249 710 4321 Aul.
778 4255 962 4344 783:
1023 4250 1167 4344 Qui
1220 4251 1446 4324 horno
1503 4247 1792 4344 culpam
1846 4249 2140 4322 admisit
2189 4250 2260 4322 in
2310 4276 2418 4340 se,
2479 4249 2743 4327 nullust
2796 4268 2949 4324 tam
3006 4253 3208 4346 parvi
3254 4252 3474 4355 preti,
3506 4318 3512 4326 ,
3550 4313 3555 4318 .

1027 4383 1268 4474 Quom
1321 4385 1622 4479 pudeat,
1681 4383 1848 4478 quin
1905 4401 2174 4480 purget
2231 4380 2526 4478 sese.⁶⁵)

531 4696 611 4782 ⁶³)
660 4699 767 4763 Sic
803 4699 1186 4781 WagneruS.
1281 4699 1434 4780 Quo
1483 4699 1630 4762 loco
1679 4707 1748 4761 ut
1791 4699 2169 4780 particulam
2218 4701 2549 4762 abundare
2598 4708 2770 4762 recte
2818 4695 3153 4762 Goellerus
3198 4701 3485 4762 adnotat.
3538 4711 3545 4716 ’
3610 4697 3617 4736 ·’

533 4815 612 4898 ⁶4)
662 4815 768 4878 Sic
815 4815 1270 4883 Fleckeisenus
1317 4815 1511 4877 verba
1559 4815 1856 4878 collocari
1901 4815 2072 4898 vult,
2107 4815 2184 4878 cf.
2233 4818 2417 4897 epist,
2465 4818 2597 4878 crit.
2648 4817 2730 4878 ad
2775 4815 2877 4878 Fr.
2928 4815 3350 4878 Ritschelium
3399 4838 3461 4900 p.
3502 4817 3699 4879 XXII.
3731 4819 3983 4881 Brixius

648 4939 866 4995 autem
911 4932 1096 4997 olim:
1147 4933 1300 5013 quin
1347 4941 1410 4994 te
1455 4940 1677 5013 gratus
1723 4931 1973 4994 emittat
2021 4951 2237 5006 manu,
2305 4952 2514 4997 nunc:
2581 4933 2735 5014 quin
2796 4941 2863 4994 te
2910 4933 3150 4994 manud
3212 4935 3465 4996 emittat
3527 4936 3760 5015 gratiis
3844 4934 3975 4997 Sed

655 5047 1009 5128 amplectar
1055 5047 1454 5110 Fleckeiseni
1503 5048 1866 5121 lectionem,
1916 5043 2303 5129 praesertim'
2343 5067 2491 5111 cum
2544 5036 2847 5130 »grat-iisd
2892 5048 2997 5111 hic
3043 5054 3306 5131 prorsus
3355 5051 3415 5111 {n
3462 5051 3608 5113 loco
3650 5052 3747 5124 sit,
3800 5054 3975 5136 quod

649 5182 873 5226 servus
921 5183 1100 5226 erum
1148 5185 1184 5226 e
1230 5164 1496 5225 vinculis
1543 5162 1900 5226 emittendo
1946 5185 2094 5227 eum
2142 5185 2399 5227 summo
2448 5163 2659 5226 affecit
2704 5163 3042 5230 beneficiO.
3538 5149 3542 5168 ¹

525 5275 604 5360 65)
653 5277 870 5360 Quom
917 5281 1163 5362 pudeat
1207 5301 1328 5362 pro
1375 5281 1547 5362 Quin
1596 5280 1841 5361 pudeat
1887 5291 1986 5344 est
2032 5283 2281 5363 optima
2326 5282 2697 5344 coniectura
2743 5277 2977 5346 Bothii.
