4409 5675
1867 814 2651 953 Argumentum.

373 1026 842 1101 Prooemium
893 1080 3488 1099 ................................................

374 1162 497 1235 De
551 1186 754 1235 mera
804 1159 1200 1257 παρατάξει
1263 1219 2022 1235 ...............
2070 1183 2081 1194 ·
2119 1214 3467 1231 ..........................

376 1295 500 1368 De
558 1294 928 1392 particulis
985 1293 1142 1383 nisi,
1200 1318 1318 1383 ne,
1377 1307 1487 1367 ut.
1583 1348 3360 1366 .................................
3455 1348 3467 1360 .

377 1429 501 1502 De
553 1428 910 1525 particula
961 1428 1129 1526 quin
1165 1485 2942 1501 ..................................
3100 1445 3193 1495 10
3246 1466 3343 1478 -
3402 1444 3500 1513 39

1233 1560 1352 1632 De
1410 1560 1567 1633 eius
1619 1560 2157 1657 compositione
2212 1574 2289 1633 et
2339 1558 2876 1657 significatione
2923 1616 3470 1630 ...........

1233 1694 1840 1789 Quin-enuntiata
1923 1694 2294 1791 gradatim
2376 1720 2473 1765 ex
2527 1692 2924 1790 παρατάξει
3000 1706 3385 1765 transeunt
3436 1690 3509 1761 in

1655 1824 2011 1919 ὑπίταξη)
2028 1886 3483 1903 ............................

805 1962 1003 2055 Quin
1057 1960 1492 2036 adverbium
1540 2023 2942 2039 .........................
3087 1985 3173 2033 12
3233 2004 3333 2015 --
3396 1965 3490 2032 26

1231 2096 1428 2191 Quin
1477 2097 1552 2170 in
1604 2097 2164 2171 adhortantibus
2221 2097 2924 2193 interrogationibus
2976 2114 3239 2170 extans
3308 2158 3318 2168 .
3360 2157 3371 2169 .
3414 2157 3425 2167 .
3467 2157 3479 2169 .

1232 2230 1428 2323 Quin
1487 2255 1651 2304 cum
1703 2232 2140 2328 imperativo
2191 2232 2660 2305 coniunctum
2706 2289 3465 2305 ...............

1229 2364 1426 2459 Quin
1480 2391 1644 2439 cum
1695 2391 1940 2461 praes.
1992 2366 2181 2439 coni.
2238 2367 2288 2439 1.
2345 2391 2543 2462 pers.
2600 2380 3026 2462 usurpatum
3084 2424 3468 2439 ........

1229 2498 1424 2593 Quin
1509 2524 1677 2572 cum
1733 2500 1876 2573 ind.
1928 2526 2179 2597 praes,
2239 2498 2291 2574 Ι.
2347 2525 2545 2596 pers,
2628 2498 3088 2572 coniunctum
3172 2498 3247 2569 in
3298 2522 3515 2571 enun-

1653 2634 1848 2707 tiatis
1900 2634 2521 2732 interrogantibus
2573 2634 2892 2730 positum
2944 2694 3490 2706 ...........

1231 2768 1428 2864 Quin
1481 2768 1560 2841 in
1613 2768 2006 2843 enuntiatis
2063 2767 2517 2843 affirmativis
2575 2783 3001 2865 usurpatum
3046 2828 3057 2842 .
3100 2782 3141 2840 .'
3153 2826 3484 2842 .......

1231 2903 1428 2998 Quin
1484 2928 1690 3001 erg0,
1750 2928 1937 3002 ergo
1993 2904 2164 3002 quin
2185 2962 3482 2979 .........................

1231 3035 1620 3110 Adverbio
1673 3037 1844 3137 quin
1897 3037 2192 3110 additur
2252 3037 2593 3135 »inquam
2612 3071 2639 3106 ι
2666 3097 3479 3115 ................

1232 3170 1429 3265 Quin
1479 3171 1750 3267 potius,
1810 3170 1981 3268 quin
2038 3172 2281 3262 etiam,
2337 3171 2505 3272 quin
2564 3169 2865 3268 edepol,
2921 3169 3096 3270 quin
3147 3168 3512 3270 equidem,

1653 3306 1824 3404 quin
1877 3307 2157 3402 edepol
2214 3307 2432 3381 etiam
2450 3366 3477 3382 ....................

807 3441 999 3535 Quin
1052 3465 1096 3512 a
1150 3439 1518 3514 sententia
1574 3440 1916 3536 primaria
1970 3456 2223 3535 aptum
2272 3440 2344 3512 in
2398 3435 2759 3530 ὑπόταξιν

1653 3575 2122 3648 transiturum
2187 3590 2309 3648 est
2326 3635 2932 3650 ............
3073 3580 3168 3646 26
3227 3619 3328 3630 —-—
3386 3598 3488 3668 30

1231 3709 1353 3781 De
1407 3734 1656 3782 earum
1714 3708 1888 3806 quin
1926 3753 1951 3763 -
1995 3708 2569 3782 enuntiationum
2627 3710 2864 3783 forma
2916 3771 3463 3786 ...........

1231 3841 1425 3937 Quin
1481 3843 1808 3940 sequitur
1851 3840 2281 3939 particulam
2326 3858 2563 3918 »tam«
2618 3869 2781 3917 cum
2824 3845 3091 3918 adiect.
3133 3845 3489 3919 coniunct.

1227 3974 1481 4048 Nullus
1536 3991 1654 4048 est
1704 3976 1895 4076 quin,
1969 3972 2134 4048 nihil
2188 3992 2306 4049 est
2351 3977 2517 4076 quin
2598 3976 3014 4078 similesque
3087 3992 3496 4053 structurae

1231 4108 1403 4182 Non
1453 4109 1635 4198 sin0,
1689 4134 1840 4182 non
1889 4109 2153 4207 patior,
2214 4135 2360 4184 non
2415 4110 2602 4184 duro
2658 4113 2827 4212 quin
2883 4171 3484 4188 ............

807 4241 1005 4338 Quin
1059 4243 1127 4316 in
1183 4239 1536 4332 ὑπόταξιν
1637 4243 1898 4317 transit
1981 4306 2956 4321 ...................
3092 4269 3192 4340 30
3244 4291 3345 4302 —
3406 4271 3501 4340 39

1234 4377 1409 4450 Non
1463 4376 1858 4474 prohibeO,
1962 4402 2111 4451 non
2191 4378 2603 4466 deterreor,
2683 4379 2811 4453 vix
2896 4381 3280 4477 reprimor,
3362 4407 3507 4456 non

1653 4536 1901 4584 moror
1952 4513 2120 4611 quin
2173 4512 2593 4612 similesque
2644 4511 3048 4588 locutiones
3093 4575 3478 4590 ........

1233 4643 1434 4740 Quid
1487 4670 1761 4721 causae
1819 4661 1952 4732 est,
2009 4646 2204 4722 nulla
2255 4671 2481 4720 causa
2536 4665 2656 4720 est
2710 4649 2883 4747 quin
2937 4709 3484 4726 ...........

1241 4781 1582 4878 (Facere)
1674 4806 1826 4854 non
1879 4807 2205 4877 possum,
2292 4781 2449 4854 fieri
2500 4805 2646 4854 non
2698 4798 2978 4877 potest,
3064 4808 3216 4857 non
3282 4782 3499 4872 facie,

1657 4914 1833 5015 quid
1887 4914 2204 5000 dubitaS,
2257 4939 2408 4988 non
2460 4931 2708 4990 metuo
2761 4918 2932 5018 quin
2987 4917 3417 5019 similiaque.
3460 4981 3471 4993 .

1234 5047 1495 5126 Mirum
1552 5049 1725 5149 quin
1766 5108 3493 5127 .................................

3568 1044 3637 1113 Ρ·
3724 1042 3764 1110 3

3702 1176 3909 1242 4-
4014 1156 4059 1221 6

3701 1291 4067 1358 6-10

3673 1578 4061 1627 10-——11

3678 1848 4073 1895 11—12

3678 2118 3764 2165 12
3852 2098 4087 2165 --16

3664 2229 4074 2299 16--18

3670 2365 3756 2433 18

3694 2634 4099 2723 18--19

3682 2791 4096 2860 19—-24

3676 2926 3769 2992 ²4

3670 3059 4077 3128 24—25

3670 3315 4081 3397 25—-26

3660 3714 4071 3800 26-—27

3662 3845 4068 3935 27—-28

3666 3981 4071 4066 28--29

3677 4135 3769 4202 ²9
3848 4150 3921 4162 --
3988 4133 4088 4203 30

3668 4539 4071 4610 30—32

3669 4672 4083 4744 32-33

3658 4939 4073 5012 33-37

3678 5076 4088 5147 37—39
