4409 5675
1919 336 2127 442 ,17

742 571 815 641 in
872 594 1218 641 sermone
1259 570 1588 644 familiari
1626 572 2069 643 comicorum
2121 571 2478 641 invenitur
2524 587 2747 667 atque
2798 570 3184 641 adhibetur
3238 572 3338 642 ad
3394 571 3987 644 adhortationem

746 706 1156 799 urgendam
1231 730 1316 775 ac
1387 708 1888 800 premendam.
2008 702 2232 775 Velut
2315 704 2513 775 Trin.
2596 706 2929 777 versibus
3010 682 3427 795 680-6'91
3514 704 3879 777 Stasimus
3951 730 3999 775 a

705 837 1170 931 ⁹Lesbonico
1229 855 1306 909 ut
1365 841 1591 911 abeat
1643 839 1748 911 sic
1807 836 2172 935 postulat:

537 970 653 1041 Tu
720 970 744 1041 i
807 971 1032 1043 modo
1111 1014 1214 1024 -
1281 1020 1369 1030 ·--
1441 973 1462 1043 i
1527 974 1756 1044 modo
1823 1014 1912 1026 ——
1975 1016 2077 1024 ——
2149 970 2321 1065 quin
2394 987 2470 1042 tu
2536 970 2559 1041 i
2626 971 2854 1044 modo
2920 1014 3023 1025 —-
3096 1015 3199 1025 --
3254 970 3275 1041 i
3348 969 3612 1055 modo,
3665 971 3691 1044 i
3744 973 3995 1055 mod0,

221 1106 242 1176 i
303 1106 552 1176 modo,
587 1148 687 1157 -—
721 1104 1102 1177 Eiusmodi
1137 1120 1384 1177 autem
1425 1106 2002 1199 quin-enuntiata
2042 1104 2399 1202 originem
2464 1103 2738 1176 ducunt
2798 1130 2895 1177 ex
2951 1128 3043 1176 eo
3100 1129 3255 1193 usu,
3314 1106 3717 1207 secundum
3774 1132 3996 1202 quem

219 1236 574 1333 particula
629 1238 796 1334 quin
859 1237 1244 1309 adhibetur
1311 1238 1380 1309 in
1449 1238 2009 1312 adhortantibus
2080 1238 2800 1335 interrogationibus,
2877 1236 3071 1333 (vide
3139 1238 3275 1308 sub
3344 1236 3452 1339 a.)
3574 1239 3734 1312 Sed
3804 1240 3995 1314 haec

221 1387 584 1462 structura
647 1371 1052 1467 particulae
1129 1374 1298 1467 quin
1361 1373 1872 1468 imperativum
1942 1373 2461 1445 antecedentis
2528 1373 2686 1444 sine
2761 1371 2985 1442 dubio
3046 1396 3194 1443 non
3258 1372 3391 1443 nisi
3442 1381 3991 1469 παρατακτικῶς
4084 1384 4091 1390 “

223 1506 570 1601 explicari
627 1520 880 1601 potest
930 1508 1155 1601 atqu'e
1216 1506 1284 1577 in
1338 1505 1488 1577 duo
1547 1506 1657 1577 sui
1712 1506 1879 1579 iuris
1935 1506 2270 1578 membra
2326 1505 2804 1578 dissolvenda
2858 1523 2993 1577 est.

539 1636 761 1710 Velut
813 1639 1017 1712 Pers,
1091 1661 1242 1731 790
1306 1655 1543 1712 extat:
1659 1638 1889 1718 »Quin
1978 1641 2146 1712 iube
2215 1666 2380 1711 eum
2450 1639 2731 1727 adire«,
2806 1638 3011 1737 quod
3076 1637 3462 1733 significat:
3552 1608 3721 1715 Wi‘e
3798 1641 3995 1715 denn

224 1772 465 1843 nicht?
520 1772 792 1845 Heisse
849 1773 966 1844 ihn
1023 1772 1226 1844 doch
1281 1773 1680 1869 hingehen!

545 1906 775 1978 Mete.
850 1909 1035 1997 183:
1103 1905 1285 1985 Quin
1341 1908 1473 1979 abi.
1516 1908 1680 1979 hinc
1739 1909 2124 1980 dierectus.
2238 1906 2402 1978 Wie
2460 1905 2654 1978 wohl
2701 1905 2942 1978 nicht?

2254 2040 2422 2113 Geh
2482 2066 2641 2111 zum
2698 2040 3029 2112 Henker!

547 2200 660 2272 En
719 2200 1066 2297 exempla
1128 2202 1337 2273 huius
1393 2202 1790 2291 idiomatis,
1851 2228 2046 2299 quae
2106 2204 2308 2298 apud
2364 2200 2693 2274 Plautum
2752 2217 3041 2275 extant:

550 2334 750 2407 Trin.
813 2339 1006 2426 582:
1067 2335 1253 2415 Quin
1309 2353 1386 2407 tu
1442 2337 1463 2407 i
1514 2338 1769 2411 modo,
1831 2381 1931 2389 —
1996 2339 2180 2429 584:
2236 2336 2427 2415 Quin
2481 2352 2556 2407 tu
2610 2337 2633 2407 i
2690 2336 2933 2409 modo,

551 2469 742 2541 Men.
803 2475 989 2560 416:
1049 2471 1250 2562 Quin
1305 2486 1382 2542 tu
1438 2487 1604 2543 tace
1659 2470 1906 2543 modo.
2021 2469 2165 2542 Mil.
2236 2476 2464 2560 1046:
2525 2467 2707 2547 Quin
2762 2486 2839 2540 tu
2892 2468 3059 2541 huic
3113 2471 3509 2565 responde.

551 2600 696 2675 Mil.
759 2622 952 2694 974:
1011 2604 1206 2696 Quin
1257 2620 1332 2676 tu
1389 2606 1576 2678 illam
1637 2605 1804 2677 iube
1859 2606 1996 2677 abs
2053 2622 2130 2676 te
2186 2604 2390 2676 abire
2448 2630 2597 2699 quo
2652 2604 2873 2675 lubet.

554 2737 817 2809 Pseud.
861 2741 1104 2829 1183:
1164 2738 1361 2831 Quin
1415 2756 1494 2810 tu
1557 2738 1937 2811 mulierem
1990 2739 2088 2810 mi
2143 2739 2428 2821 emitte;
2483 2754 2608 2810 aut
2663 2738 2899 2811 redde
2956 2738 3469 2840 argentumsss)

553 2869 820 2943 Bacch.
882 2879 1069 2962 276:
1125 2874 1324 2966 Quin
1381 2891 1456 2945 tu
1514 2874 1706 2948 audi.

555 3003 726 3076 Hoc
783 3007 951 3100 quin
1009 3024 1129 3078 est
1193 3022 1580 3079 contracta
1632 3008 2120 3104 interrogatio
2163 3023 2384 3103 atqua
2442 3034 2580 3102 per
2634 3033 2718 3080 se
2773 3009 3300 3103 spectandum:
3369 3007 3607 3105 »quin
3640 3025 3717 3079 tu
3786 3006 4002 3089 audi«

239 3135 792 3211 dissolvendum
861 3158 1016 3212 est:
1085 3142 1252 3234 quin
1335 3141 1614 3240 (facis)?
1685 3159 1760 3212 tu
1818 3140 2021 3214 audi!
2078 3139 2383 3212 Warum
2440 3140 2671 3212 nicht?
2728 3141 2931 3212 Hore
2986 3143 3204 3214 doch.

561 3273 780 3344 Most.
849 3294 1035 3365 172:
1095 3272 1287 3365 Quin
1339 3301 1460 3346 me
1516 3275 1766 3369 aspice
1821 3291 1899 3346 et
1949 3272 2393 3369 contempla.

869 3437 1054 3525 584:
1114 3434 1308 3529 Quin
1362 3460 1499 3506 vos
1556 3435 1722 3507 mihi
1780 3434 2036 3507 faenus
2095 3436 2299 3508 date.
2360 3481 2457 3489 —-
2517 3439 2703 3528 815:
2764 3435 2961 3528 Quin
3014 3453 3091 3509 tu
3145 3438 3164 3509 i
3216 3439 3553 3533 intr0.³²)

895 3571 1080 3659 855:
1135 3567 1333 3660 Quin
1385 3584 1460 3640 tu
1513 3567 1703 3642 illam
1759 3569 2038 3664 aspice.
2101 3616 2196 3624 ——
2264 3573 2494 3659 1089:
2552 3569 2741 3661 Quin
2799 3571 2942 3642 cita
2996 3569 3187 3643 illum
3242 3571 3311 3643 in
3368 3573 3500 3644 iuS.

896 3721 1078 3794 572:
1133 3701 1326 3791 Quin
1381 3702 1555 3796 quid
1609 3703 1722 3774 vis
1780 3702 1990 3774 cedo,
2027 3747 2131 3756 -—
2175 3705 2375 3776 Pers.
2416 3726 2591 3806 790:
2650 3704 2845 3797 Quin
2902 3705 3072 3776 iube
3132 3731 3300 3778 eum
3354 3705 3589 3778 adire.

575 3860 774 3933 Pers,
838 3863 1022 3952 804:
1081 3862 1276 3953 Quin
1334 3860 1549 3934 elude
1608 3881 1687 3935 ut
1740 3865 1959 3944 soles.
2021 3907 2119 3917 —-
2177 3865 2407 3938 Mero.
2484 3867 2663 3957 183:
2727 3866 2923 3957 Quin
2977 3866 3097 3937 abi
3150 3867 3317 3939 hinc
3375 3868 3767 3940 dierectus

573 3995 804 4068 Mero.
875 3997 1050 4087 185:
1105 3996 1300 4088 Quin
1355 4011 1430 4067 tu
1484 3997 1540 4068 si
1597 3997 1772 4090 quid
1823 3997 1930 4068 vis
1984 4021 2190 4092 roga.
2254 4042 2351 4052 -—
2412 4021 2592 4092 937:
2648 4000 2844 4092 Quin
2899 4026 3241 4095 sequere.

573 4127 782 4200 Cure.
849 4151 1028 4219 241:
1087 4129 1282 4221 Quin
1334 4145 1410 4201 tu
1465 4127 1748 4225 aliquot
1801 4129 1962 4202 dies
2019 4129 2362 4225 perdura.

557 4443 638 4525 81)
683 4442 890 4506 Codd.
925 4445 1119 4525 »quin
1163 4452 1234 4507 tu
1271 4445 1510 4508 emittis
1544 4445 1699 4506 mihi
1738 4446 2074 4508 mulierem
2118 4453 2233 4509 aut
2256 4445 2471 4510 reddis
2518 4451 2916 4528 argentum«
2969 4445 3101 4530 Sed
3122 4444 3451 4508 Ritschelii
3498 4445 4024 4510 emendationem

683 4557 1055 4639 amplectar.
1169 4559 1442 4641 Harpax
1489 4561 1658 4621 enim
1704 4579 1744 4622 a
1789 4559 2079 4624 Ballione
2123 4560 2505 4646 ludificatur,
2564 4582 2709 4623 cum
2774 4559 2976 4621 Ballio
3035 4551 3211 4621 illum
3271 4559 3569 4623 Pseuduli
3640 4558 3805 4649 dolis
3841 4542 4023 4624 ador·

681 4682 904 4735 natum
950 4675 1170 4736 venire
1219 4683 1420 4756 putet.
1518 4675 1746 4758 Atque
1793 4677 2064 4758 Harpax
2110 4678 2297 4739 valde
2361 4679 2558 4739 iratus
2628 4675 3042 4738 acerbissime
3086 4692 3126 4735 a
3192 4673 3421 4736 lenone
3469 4673 3797 4758 postulat:
3869 4677 4023 4758 quin

679 4797 746 4849 tu
795 4786 1129 4852 mulierem
1201 4790 1286 4850 mi
1332 4791 1590 4857 emitte:
1641 4801 1753 4854 aut
1800 4792 1999 4854 redde
2043 4795 2415 4873 argentum!
2523 4793 2670 4871 Qua
2741 4790 2802 4852 in
2849 4789 3219 4853 conditione
3266 4789 3481 4856 hiatus
3548 4807 3697 4854 mea
3761 4789 4024 4872 quidem

679 4902 1002 4965 sententia
1048 4923 1206 4966 sane
1250 4923 1446 4984 quam
1493 4914 1648 4986 apte
1691 4926 1762 4968 se
1807 4905 2024 4972 habet.

559 5019 634 5099 ³²)
681 5017 839 5097 Quo
887 5019 951 5080 in
995 5038 1184 5080 versu
1226 5019 1578 5082 Lorenzius
1631 5031 1777 5083 ›tu‹
1844 5029 1993 5084 ante
2038 5021 2489 5103 imperativum
2547 5023 2565 5083 i
2614 5018 2891 5105 omittit{;
2960 5039 3203 5092 causas»,
3267 5019 3502 5101 quibus
3548 5027 3916 5082 commotus
3962 5021 4031 5082 id

684 5132 906 5196 fecerit
952 5154 1082 5196 non
1127 5135 1358 5197 inveni.
1456 5133 1590 5198 Sed
1658 5156 1742 5198 ex
1807 5136 2275 5198 consuetudine
2324 5137 2620 5198 Plautina
2664 5144 2953 5219 apparet,
3032 5133 3185 5195 illud
3252 5141 3321 5195 tu
3386 5153 3531 5195 esse
3598 5135 4029 5202 necessarium

683 5257 834 5310 ante
883 5248 1154 5311 formam
1210 5251 1344 5326 »i‹;
1394 5249 1472 5314 cf.
1520 5249 1695 5312 Trin.
1755 5253 1912 5329 582;
1971 5255 2113 5329 584.
2207 5251 2400 5316 Merc.
2466 5265 2614 5334 955.
2732 5251 2898 5313 Rud.
2960 5264 3144 5329 1170.
3253 5246 3398 5312 Cas,
3451 5248 3602 5326 623.
3670 5249 4031 5332 Propterea

683 5365 795 5424 vix
843 5364 1276 5428 dubitandum
1323 5376 1438 5438 est,
1491 5367 1643 5446 quin
1687 5374 1888 5450 poeta
1933 5365 2126 5429 etiam
2175 5367 2303 5428 hoc
2349 5366 2495 5428 loco
2542 5366 2691 5428 illud
2744 5375 2890 5428 ›tu‹
2944 5361 3326 5428 adhibuerit.

3570 5483 3609 5548 3
