4409 5675
217 5483 338 5656 'h

2216 404 2287 449 12
3857 424 3886 456 ο

685 598 910 670 Most.
961 599 1188 687 1089:
1250 596 1422 692 quin
1477 598 1621 669 cita
1675 596 1862 671 illum
1919 600 2018 671 ad
2074 599 2202 671 ius.

372 750 448 808 et
501 760 660 807 cum
720 731 1148 805 coniunctivi
1205 734 1620 828 praesentis
1683 734 1919 829 prima
1971 759 2323 829 persona:
2386 734 2596 829 Capt.
2660 738 2839 828 856:
2898 738 3063 831 quin
3118 737 3217 810 ita
3272 739 3575 811 faciam?

1215 866 1360 940 Mil.
1419 874 1610 958 426:
1670 869 1834 964 quin
1894 892 2046 963 ego
2103 871 2248 942 hoc
2306 896 2597 967 rogem,
2652 870 2851 965 quod
2908 872 3265 944 nesciam?

375 1020 450 1080 et
497 1006 568 1078 in
619 1004 1319 1099 interrogationibus
1379 1004 1930 1077 adhortantibus
1988 1004 2726 1103 indignabundisque:

1004 1138 1200 1211 Trin.
1258 1140 1446 1213 8021
1508 1140 1681 1235 quid
1731 1164 1922 1212 nunc
1971 1138 2166 1213 stas?
2224 1140 2392 1237 quin
2446 1155 2521 1213 tu
2576 1140 2737 1213 hinc
2790 1158 2867 1214 te
2923 1166 3231 1216 amoves
3288 1161 3365 1216 et
3421 1163 3494 1217 te
3554 1143 3845 1217 moves?

1007 1274 1233 1348 Merc.
1307 1278 1484 1366 189:
1547 1274 1718 1370 quin
1773 1276 2045 1359 cavisti,
2105 1301 2195 1347 ne
2254 1300 2417 1347 eam
2466 1275 2777 1365 videret,
2831 1276 3193 1349 verbero?

695 1410 1090 1483 Praeterea
1116 1408 1286 1505 quin
1340 1410 1798 1507 coniungitur
1824 1434 1983 1481 cum
2039 1408 2399 1481 indicativi
2456 1425 2532 1482 et
2570 1409 2955 1506 singularis
2999 1426 3075 1484 et
3126 1410 3421 1507 pluralis
3464 1414 3695 1509 prima
3746 1440 4108 1509 persona:

1006 1545 1232 1619 Merc.
1270 1546 1454 1636 968:
1513 1545 1686 1640 quin
1741 1543 1865 1615 tibi
1921 1544 2141 1617 ambo
2200 1568 2506 1640 operam
2562 1546 2841 1619 damus,

1007 1680 1202 1753 PerS.
1263 1682 1444 1773 598:
1501 1680 1668 1776 quin
1721 1680 1940 1753 laudo
1994 1681 2287 1776 inquam
2341 1676 2715 1753 consilium
2774 1698 2985 1756 tuum.

693 1816 1034 1911 Denique
1089 1814 1234 1887 huc
1289 1815 1613 1911 pertinet
1664 1815 1722 1887 is
1779 1816 2176 1911 particulae
2255 1816 2425 1911 quin
2479 1840 2671 1901 usuS,
2745 1843 2788 1888 e
2859 1842 3007 1913 quo
3083 1818 3248 1913 quin
3310 1836 3388 1890 ut
3464 1818 3885 1891 adverbium
3942 1845 4109 1891 con-

377 1952 686 2046 iungitur
740 1975 900 2023 cum
957 1949 1112 2024 aliis
1169 1951 1634 2046 temporibus.
3092 1936 3099 1947 ²

699 2086 977 2159 Primus
1090 2086 1356 2159 deinde
1421 2086 1762 2158 transitus
1843 2083 2247 2181 particulae
2328 2085 2495 2181 quin
2574 2088 2645 2159 in
2735 2085 3075 2175 >ὑπόταξιν
3149 2103 3486 2182 apparet,
3576 2087 3634 2158 si
3702 2116 3861 2161 cum
3916 2090 4115 2184 quin-

381 2221 764 2295 enuntiatis
833 2248 923 2294 ea
986 2222 1541 2319 coniunguntur,
1616 2245 1807 2315 quae
1871 2221 2305 2293 sententiam
2377 2221 2529 2293 eius
2597 2222 2714 2317 qui
2784 2222 3117 2294 dissentit
3180 2222 3562 2316 repudient
3624 2248 3715 2293 ex
3786 2248 4111 2318 persona

381 2358 737 2447 oratoris;
809 2374 955 2429 tum
1025 2357 1214 2429 enirn
1265 2354 1384 2427 illa
1435 2355 2010 2451 quin—enuntiata
2063 2357 2495 2428 sententiam
2552 2355 2861 2429 oratoris
2920 2356 3143 2451 ipsius
3201 2356 3533 2429 afferunt.

701 2492 952 2584 Quare
1005 2493 1100 2576 fit,
1163 2506 1240 2563 ut
1309 2491 1376 2563 in
1433 2491 1786 2563 eiusmodi
1863 2492 2235 2563 structuris
2298 2492 2688 2564 enuntiatio
2756 2492 3092 2587 primaria
3156 2518 3453 2586 semper
3522 2493 3874 2589 negativa
3942 2517 4111 2563 esse

383 2628 780 2723 debeat.¹⁷)
896 2626 1264 2698 Abhorret
1335 2640 1572 2699 autem
1641 2627 1735 2697 ab
1803 2626 1942 2698 hac
2001 2651 2257 2699 norma
2324 2623 2555 2697 solum
2621 2623 2793 2697 illud
2868 2627 3162 2698 »mirum
3230 2626 3485 2721 quin«,
3558 2627 3651 2697 de
3736 2652 3882 2723 quo
3938 2626 4111 2698 vide

384 2763 568 2836 infra
621 2789 692 2860 p.
757 2782 875 2856 37.

701 2894 919 2969 Velut
969 2899 1170 2970 PerS.
1239 2915 1405 2988 270.
1469 2895 1562 2970 nil
1612 2898 1762 2969 iarn
1817 2897 1988 2968 mihi
2045 2897 2215 2968 novi

1469 3031 1716 3105 offerri
1771 3047 1974 3127 pote,
2028 3031 2196 3127 quin
2254 3030 2387 3102 sim
2444 3033 2744 3126 perituS.

699 3169 770 3240 In
846 3167 1216 3266 enuntiato
1293 3167 1506 3264 igitur
1573 3193 2022 3264 praegresso
2089 3169 2453 3241 sententia
2508 3169 2660 3241 eius
2750 3170 2870 3264 qui
2936 3169 3297 3254 dissentit,
3373 3182 3719 3264 negatum
3789 3167 3847 3238 is
3932 3167 4118 3239 enim

388 3319 794 3399 putaverat,
852 3327 1116 3374 novum
1174 3299 1264 3374 illi
1320 3303 1564 3375 offerri
1618 3303 1995 3397 potuisse3
2056 3329 2202 3398 quo
2262 3303 2459 3375 facto
2531 3320 2779 3375 orator
2831 3331 3033 3376 suam
3102 3305 3326 3400 ipsius
3385 3303 3821 3374 sententiam
3880 3302 3947 3373 in
4000 3302 4123 3372 illo

391 3436 961 3534 quin-enuntiato
1019 3437 1086 3508 in
1139 3438 1454 3510 medium
1509 3439 1815 3533 profert.

917 3573 1256 3667 Denique
1314 3587 1555 3645 autem
1609 3572 1966 3667 particula
2021 3574 2189 3669 quin
2248 3575 2502 3646 transit
2558 3573 2621 3646 in
2685 3571 3045 3662 ὑπόταξιν.

711 3705 857 3780 Mil.
923 3717 1099 3799 369:
1157 3733 1546 3803 numquam
1600 3706 1852 3781 hercle
1911 3711 2361 3792 deterrebor,
2418 3709 2582 3804 quin
2640 3708 2945 3780 viderim
2998 3708 3071 3778 id
3126 3706 3329 3801 quod
3380 3705 3707 3778 viderim.

710 3843 990 3934 Quibus
1048 3845 1114 3914 in
1172 3844 1776 3916 enuntiationibus
1829 3843 2222 3938 παράταξις
2278 3843 2641 3916 intellectu
2700 3841 2918 3938 paulo
2980 3841 3331 3914 difficilior
3386 3857 3522 3914 est.

710 3975 861 4049 Sed
919 4004 1102 4050 nunc
1159 3976 1441 4073 singula
1495 3977 1893 4075 particulae
1964 3982 2132 4075 quin
2219 3981 2568 4052 idiomata
2622 3977 3036 4050 accuratius
3122 3976 3616 4050 examinemus
3698 3995 3921 4069 atque
4006 4001 4123 4044 ex-

391 4118 766 4212 plicemus

866 4253 908 4323 Ι.
965 4251 1159 4344 Quin
1217 4267 1466 4346 partes
1509 4250 1832 4323 adverbii
1892 4251 2172 4350 agium)

822 4414 887 4458 a.
943 4387 1134 4478 Quin
1189 4387 1256 4458 in
1312 4386 1862 4458 adhortantibus
1921 4384 2614 4477 interrogationibus
2671 4399 3072 4478 usurpatur.

713 4518 1014 4593 Talibus
1073 4523 1139 4592 in
1195 4521 1577 4593 enuntiatis
1635 4517 1983 4614 particula
2050 4521 2218 4614 quin
2278 4520 2675 4592 secundum
2750 4518 3351 4612 significationem
3418 4516 3513 4584 ita
3572 4513 3997 4600 adhibetur,
4055 4529 4133 4583 ut

400 4657 858 4752 interrogans
915 4657 1462 4750 adhortansque
1519 4680 1736 4748 quam
1793 4654 2261 4747 imperativus
2316 4654 2589 4724 maiore
2644 4677 2801 4722 cum
2864 4654 2931 4723 vi
2982 4653 3310 4746 imperet.
3431 4649 3644 4741 Quae
3705 4649 4131 4742 quin-enun-

399 4791 574 4860 tiata
632 4792 900 4862 acriter
950 4791 1423 4884 graviterque
1455 4789 1941 4872 cohortantur,
1998 4814 2141 4882 qua
2188 4814 2267 4859 re
2316 4787 2408 4870 fit,
2469 4805 2547 4859 ut
2600 4787 2747 4858 hoc
2806 4786 2973 4880 quin
3030 4787 3193 4882 ipso
3234 4809 3392 4856 cum
3448 4783 3879 4878 imperativo
3938 4780 4135 4872 (vide

399 4988 611 4994 -——.--—-
620 4987 1080 4995 -ῂῄ--ᾳύο--ᾒ
1090 4987 1238 4993 ————-

709 5109 782 5192 ¹⁷)
832 5108 1407 5180 WeissenborniuS,
1465 5105 1670 5188 Jahnii
1717 5106 1920 5172 annal.
1983 5109 2143 5184 1848
2213 5105 2337 5172 vol.
2410 5120 2480 5186 53
2535 5115 2683 5168 sect.
2737 5123 2769 5184 3
2822 5127 2883 5187 p.
2935 5109 3077 5186 298.
3164 5103 3401 5184 Reisig.
3452 5101 3665 5180 Vorls,
3712 5102 3809 5163 ed.
3863 5100 4143 5163 Haasius

825 5226 1042 5288 adnot
1091 5243 1240 5306 492.

705 5343 780 5425 ¹⁸)
825 5345 1062 5426 Reisig.
1111 5345 1320 5410 Vorls.
1374 5345 1472 5412 cd.
1523 5344 1821 5418 Haasiu5‚
1874 5343 2091 5411 adnot.
2140 5361 2289 5424 492.
