4409 5675
2230 352 2311 399 22

709 538 852 612 Mil.
892 550 1109 635 367†:
1166 545 1358 636 Quin
1419 570 1583 617 cum
1641 549 1884 620 alieno
1941 551 2491 625 adulescentulo
2547 549 2844 641 dixit.⁴⁵)

867 694 1098 767 1277:
1158 676 1352 767 Quin
1414 695 1535 751 tua
1593 706 1817 753 causa
1873 686 2124 779 exegit
2173 685 2403 755 virum
2464 686 2555 755 ab
2614 710 2716 754 se.

695 807 958 879 Pseud.
1027 832 1204 901 295:
1261 811 1452 904 Quin
1511 839 1775 887 nomen
1835 843 2130 912 quoque
2183 818 2327 889 iam
2383 818 2641 889 interiit
2710 830 3143 887 »mutuom.«

1023 964 1205 1032 742:
1266 944 1460 1037 Quin
1517 948 1582 1019 in
1646 951 1874 1021 corde
1935 954 2294 1023 instruere
2353 952 2729 1044 quondam
2788 949 3036 1041 coepit
3093 944 3685 1039 thermopolium.

1015 1098 1207 1169 795:
1268 1078 1462 1170 Quin
1521 1083 1616 1151 ob
1677 1108 1840 1153 earn
1901 1110 2051 1155 rem
2110 1084 2353 1155 Orcus
2412 1085 2748 1176 recipere
2806 1085 2901 1152 ad
2960 1106 3042 1151 se
3100 1080 3291 1150 hunc
3347 1079 3591 1148 noluit.

693 1207 916 1281 Most.
975 1215 1204 1305 764†:
1274 1214 1467 1305 Quin
1525 1234 1736 1286 aestu
1794 1218 2070 1288 audivit
2128 1244 2299 1289 esse
2360 1218 2453 1288 ibi
2508 1218 2776 1287 victum
2834 1214 3359 1309 perbonum.4⁶)

695 1338 964 1437 Amph.
1027 1351 1212 1439 617:
1274 1346 1465 1438 Quin
1523 1350 1710 1419 intro
1771 1349 1872 1419 ire
1935 1350 2005 1421 in
2059 1352 2271 1421 aedis
2330 1374 2721 1445 numquam
2778 1348 3149 1420 licitumst.

705 1472 970 1549 Bacch.
1035 1501 1223 1569 312:
1284 1480 1473 1573 Quin
1530 1482 1599 1551 in
1660 1508 1890 1577 eapse
1953 1486 2146 1554 aede
2203 1486 2397 1553 deae
2459 1482 2745 1553 Dianae
2808 1482 3277 1553 conditumst.

689 1608 908 1682 Most.
955 1615 1184 1703 1084:
1242 1614 1434 1706 Quin
1489 1617 1596 1687 ius
1654 1617 2032 1688 iurandum
2090 1615 2490 1711 pollicitust
2547 1616 2726 1687 dare
2785 1639 2892 1692 se.

391 1740 458 1830 ὁ)
512 1765 671 1812 cum
725 1740 1020 1837 pluralis
1079 1746 1122 1817 Ι.
1183 1774 1525 1842 persona.

697 1875 921 1948 Most.
983 1904 1154 1969 910.
1212 1882 1403 1977 Quin
1491 1909 1639 1980 ego
1693 1885 1854 1977 ipse
1929 1904 2006 1956 et
2090 1884 2544 1955 Philolaches
2629 1885 2699 1954 in
2780 1880 3071 1976 publico
3152 1881 3381 1952 omnis
3465 1880 3793 1974 porticus
3896 1902 4149 1947 sumus

1225 2018 1643 2088 commensi.

382 2144 442 2233 ε)
499 2164 664 2215 cum
731 2142 1025 2238 pluralis
1083 2147 1189 2219 ΙΙΙ.
1248 2174 1598 2243 persona.

1245 2284 1386 2353 Mil.
1447 2289 1592 2356 66³
1651 2285 1852 2357 Itane
1913 2287 2112 2359 aibat
2169 2284 2509 2357 tandem?

1649 2408 1841 2512 Quin
1898 2446 2016 2493 me
2059 2423 2322 2492 ambae
2361 2422 2956 2491 obsecraverunt.

697 2550 912 2644 Epid.
978 2576 1157 2643 243:
1213 2553 1402 2644 Quin
1461 2554 1682 2625 hodie
1741 2553 2034 2625 adlatae
2094 2552 2411 2626 tabellae
2468 2570 2650 2623 sunt.

2978 2414 3063 2511 47)

375 2681 508 2763 dd)
567 2684 763 2775 Quin
821 2710 980 2755 cum
1035 2683 1767 2782 plusquamperfecto
1829 2689 2309 2759 coniunctum.

698 2817 967 2891 Pseud.
1029 2843 1214 2911 549:
1275 2818 1466 2912 Quin
1525 2846 1643 2892 rus
1701 2839 1778 2892 ut
1834 2822 2038 2906 irem,
2098 2815 2235 2892 iam'
2294 2821 2443 2892 heri
2498 2844 2787 2891 mecum
2850 2814 3367 2908 statueram.⁴³)

378 2947 504 3048 ee)
562 2950 754 3042 Quin
808 2977 971 3023 cum
1027 2954 1262 3026 futuro
1322 2973 1402 3027 et
1454 2955 1688 3026 futuro
1745 2972 2009 3026 exacto
2065 2956 2546 3026 coniunctum.

375 3079 454 3180 α)
515 3107 677 3154 cum
734 3083 974 3158 futuro
1033 3088 1078 3160 I.

695 3217 915 3290 Most.
977 3229 1162 3308 614:
1224 3220 1414 3312 Quin
1470 3224 1718 3304 feram,
1776 3225 1833 3294 si
1889 3227 2062 3317 quid
2123 3226 2333 3295 datur

696 3351 857 3424 Aul.
977 3356 1152 3424 808:
1215 3355 1409 3445 Quin
1469 3383 1615 3450 ego
1671 3355 1761 3426 illi
1819 3382 1932 3428 me
1988 3358 2355 3427 invenisse
2418 3358 2653 3427 dicam
2734 3357 2919 3426 hanc
3006 3357 3364 3448 praedam
3448 3370 3667 3445 atque
3742 3347 4153 3443 eloquarw)

693 3485 884 3555 Men.
975 3488 1156 3574 894:
1217 3487 1407 3579 Quin
1465 3489 1965 3587 sospitab0.50)
2035 3533 2120 3540 —-
2181 3489 2377 3560 Trin.
2443 3495 2679 3578 464†:
2743 3487 3009 3560 Hercle
3066 3485 3295 3586 quqn]
3360 3485 3604 3557 dicam
3664 3503 3934 3554 tamen.

377 3623 687 3632 ——--—-
697 3627 1137 3634 --ῌ--ῄ-
1146 3629 1220 3636 ⁶-

692 3679 766 3758 ⁴5)
815 3677 921 3740 Sic
966 3679 1367 3742 Ritschelius.
1444 3679 1577 3742 Sed
1627 3681 1818 3762 paulo
1867 3691 2016 3762 post
2049 3702 2304 3742 versum
2352 3683 2533 3744 aliter
2557 3681 2901 3762 perpolivit
2934 3691 2997 3740 ct
3045 3701 3127 3740 ex
3160 3680 3398 3740 tradito
3460 3687 3731 3756 »atque«
3772 3675 4163 3735 coniectura

3945 3479 4031 3565 ⁵¹)

799 3795 954 3873 quin
1002 3795 1230 3867 deleta,
1291 3815 1439 3856 »ac«
1495 3783 1864 3857 emendavit
1909 3796 1990 3860 cf.
2033 3797 2232 3878 praef.
2285 3797 2482 3858 Stich.
2534 3819 2595 3878 p,
2658 3814 2749 3876 17.

796 3910 1100 3972 Fortasse
1143 3920 1338 3992 atque
1385 3912 1793 3990 Pyrrhichius
1837 3933 1980 3974 esse
2027 3923 2273 3993 potest;
2348 3923 2485 3974 turn
2530 3914 2825 3975 codicum
2876 3913 3064 3974 lectio
3112 3921 3282 3973 recte
3351 3910 3391 3982 ἓξ
3460 3909 3718 3972 habeat.

676 4024 754 4106 46)
804 4025 912 4088 Sic
959 4047 1180 4089 versus
1230 4029 1544 4090 obscurus
1592 4049 1631 4089 a
1675 4029 2030 4091 Ritschelio
2079 4031 2410 4092 restitutus
2460 4040 2577 4094 est.

668 4137 747 4222 4⁷)
796 4142 860 4203 A
919 4143 1098 4205 aibat
1142 4143 1585 4226 (Ritschelius:
1638 4145 1886 4226 aibant)
1935 4153 2102 4208 teste
2151 4143 2511 4227 Gepperto‚
2564 4145 2761 4208 Plaut.
2818 4145 3005 4209 Stud.
3061 4145 3128 4206 11.
3184 4164 3243 4224 p.
3308 4159 3402 4206 12.

797 4255 969 4336 Quin
1015 4260 1156 4320 cod.
1211 4259 1294 4324 H.
1346 4257 1659 4340 GuyetuS,
1711 4262 1903 4322 ceteri
1953 4261 2093 4323 libri
2144 4262 2505 4324 exhibent:
2556 4283 2722 4342 quae
2770 4282 2916 4341 que.

800 4371 933 4435 Sed
978 4377 1131 4456 quin
1177 4377 1314 4436 sine
1362 4376 1562 4440 dubio
1607 4377 1939 4459 aptissima
1988 4387 2086 4439 est
2134 4378 2345 4450 lecti0,
2400 4397 2546 4438 cum
2596 4399 2670 4438 ea
2720 4377 3011 4439 adhibita
3059 4355 3359 4457 gradatio
3404 4373 3515 4434 fiat
3560 4371 3792 4454 triplex
3874 4370 3947 4431 cs.
4024 4370 4155 4432 Lo·

799 4491 1078 4552 renzium
1127 4493 1210 4552 ad
1257 4493 1428 4554 hunc
1471 4493 1509 4557 l.

674 4603 753 4688 ⁴³)
800 4607 906 4669 Sic
932 4607 1280 4669 Lorenzius
1307 4609 1545 4690 (Philol.
1571 4610 1818 4671 XXXV
1851 4631 1911 4690 p.
1960 4625 2080 4688 174
2113 4613 2238 4690 sq.)
2265 4629 2459 4690 quam
2492 4611 2833 4670 lectionem
2860 4608 3151 4689 praefero
3177 4605 3514 4670 Ritschelii
3552 4605 4098 4667 »constitiveram.
4118 4633 4145 4686 ς

795 4724 962 4784 Nam
1007 4723 1264 4786 Plautus
1311 4725 1469 4787 ludit
1517 4727 1717 4787 verbo
1764 4727 2106 4791 statuendi.
2202 4726 2495 4806 Callipho
2566 4725 2739 4785 enim
2790 4725 2961 4795 dicit,
3037 4722 3373 4784 consilium
3437 4743 3507 4784 se
3554 4723 3806 4803 cepisse
3857 4724 4157 4804 (mecum

799 4845 1182 4922 statueram)
1231 4843 1292 4902 in
1339 4843 1676 4922 prandium
1728 4845 1950 4917 eundi;
2026 4845 2126 4904 cui
2171 4843 2523 4904 Pseudulus
2590 4842 2961 4921 respondet,
3014 4839 3186 4902 idem
3256 4839 3524 4900 verbum
3576 4857 3904 4918 usurpans
3988 4859 4147 4901 eum

797 4959 1011 5019 omnia
1058 4957 1420 5021 disturbare
1469 4931 1726 5030 debere,
1777 4980 1942 5040 quae
1990 4959 2419 5020 construxerit
2468 4957 2828 5037 (statuerit.)

671 5069 746 5155 49)
793 5073 1000 5140 Codd.
1057 5074 1282 5136 »dico«
1338 5077 1516 5156 quod
1567 5075 1928 5156 Wagnerus
1976 5085 2245 5157 propter
2288 5083 2672 5153 sequentem
2718 5071 2993 5133 sormam
3048 5071 3390 5152 ›eloquar‹
3446 5080 3619 5134 recte
3668 5078 3889 5132 mutat.

670 5192 744 5272 ⁵⁰)
791 5191 900 5254 Sic
948 5191 1367 5264 Ritschelius;
1415 5190 1557 5252 libri
1616 5193 2053 5272 »suspirabd«

675 5306 750 5390 ⁵²)
795 5307 965 5369 Vide
1013 5307 1524 5378 Fleckeisenum‚
1577 5306 1738 5370 Krit.
1786 5308 1968 5370 Misc,
2017 5327 2080 5388 p.
2135 5325 2239 5387 30,
2292 5308 2400 5388 qui
2454 5306 2703 5368 »hercle
2751 5307 2859 5388 qui
2908 5325 3127 5368 meus«
3182 5305 3371 5367 scribi
3418 5303 3569 5366 vult.
