4409 5675
2252 385 2326 449 18

715 601 903 675 Rud.
965 608 1150 693 946:
1211 600 1405 693 Quin
1458 618 1636 697 post
1694 600 2057 697 eloquere
2119 603 2295 697 quid
2351 604 2477 674 viS.

945 756 1165 827 1170:
1227 735 1420 828 Quin
1475 731 1805 808 dierecta
1861 738 1878 807 i
1935 754 2011 807 tu
2065 761 2227 807 cum
2284 741 2532 809 sucula
2592 755 2668 809 et
2723 764 2883 810 cum
2946 736 3299 832 porculis,

721 877 929 965 Epist.
997 877 1176 943 266:
1237 869 1432 961 Quin
1484 887 1560 942 tu
1619 867 2014 964 eloquere:
2074 872 2248 965 quid
2308 869 2708 943 faciemus?
2764 915 2865 923 —-
2924 895 3107 960 294:
3166 872 3357 961 Quin
3414 897 3625 965 para.

717 1011 933 1077 man.
997 1026 1182 1096 502:
1245 1003 1461 1096 Quin,
1519 1006 1580 1076 si
1633 1005 1792 1075 ituri
1849 1006 2075 1075 hodie
2133 1007 2327 1088 estiS,
2385 1007 2505 1077 ite.
2568 1049 2671 1057 —
2729 1004 2897 1076 Cas.
2959 1007 3148 1093 817:
3205 1005 3400 1096 Quin
3454 1006 3856 1101 responde.

725 1141 877 1209 aul.
949 1146 1132 1232 631:
1186 1138 1377 1231 Quin
1437 1156 1513 1209 tu
1571 1137 1953 1234 eloquere.
2017 1139 2367 1233 —Epid.
2411 1144 2587 1211 228:
2653 1140 2839 1231 Quin
2898 1156 2994 1222 tu,
3055 1158 3131 1209 ut
3187 1141 3563 1234 occepisti,
3622 1143 3958 1234 loquere.

725 1277 897 1345 Cas.
965 1279 1152 1366 623:
1211 1274 1407 1366 Quin
1465 1290 1540 1344 tu
1595 1275 1616 1343 i
1671 1276 1897 1344 modo
1964 1298 2246 1345 mecum
2320 1275 2634 1345 domum.
2711 1272 3015 1344 Warum
3081 1274 3318 1344 nicht?
3384 1274 3550 1346 Geh
3621 1275 3815 1345 doch
3873 1300 4001 1345 nur
4056 1277 4187 1345 mit

1144 1407 1276 1479 mir
1325 1408 1437 1479 ins
1488 1405 1718 1478 Haus.

725 1545 961 1613 Unum
1017 1555 1218 1613 extat
1273 1540 1705 1636 exemplum,
1755 1541 1823 1612 in
1877 1568 2024 1636 quo
2096 1544 2282 1614 acris
2339 1544 2761 1614 cohortatio
2819 1543 3047 1613 verbo
3122 1568 3498 1637 »quaeso«
3592 1545 3849 1615 addito
3927 1546 4174 1638 paulu-

404 1685 543 1749 lum
601 1681 1000 1769 mitigatur:
1841 1774 1846 1778 ‚

725 1813 949 1881 Muzffit.
1017 1811 1195 1899 187¹:
1256 1808 1447 1901 Quin
1508 1834 1725 1881 mone
1783 1833 2096 1905 quaem,
2155 1812 2214 1883 si
2270 1811 2446 1906 quid
2501 1837 2687 1883 erro.

757 1965 825 2013 ff.
941 1944 1504 2038 Nonnumquam
1559 1962 1966 2039 praeterea
2021 1947 2212 2017 acris
2287 1946 2709 2018 adhortatio
2779 1948 2877 2017 ita
2915 1934 3386 2041 exprimitur,
3458 1963 3534 2017 ut
3587 1947 3946 2041 particula
4007 1948 4175 2041 quin

408 2085 893 2173 coniungatur
953 2102 1114 2149 cum
1166 2078 1583 2172 praesentis
1638 2080 2076 2149 coniunctivi
2153 2080 2384 2172 prima
2440 2105 2790 2174 persona.
2918 2081 3071 2152 Sed
3155 2083 3425 2152 eodem
3482 2083 3729 2168 mod0‚
3806 2106 3952 2176 quo
4037 2107 4174 2152 eae

408 2217 973 2293 minutia[imma
1055 2212 1125 2283 in
1181 2212 1440 2307 quibus
1524 2213 1696 2306 quin
1769 2212 2284 2305 imperativum
2350 2213 2749 2294 antecedit,
2802 2223 3350 2304 παρατακτικεῡς
3416 2214 3899 2308 explicandae
3988 2232 4176 2300 sunt,

408 2349 621 2417 etiam
685 2349 749 2417 in
817 2349 921 2417 his
977 2345 1355 2417 sententiis
1412 2342 1700 2441 singula
1756 2347 2083 2418 membra
2141 2347 2615 2417 dissolvenda
2673 2365 2871 2427 sunt;
2927 2346 3128 2417 velut
3182 2348 3330 2418 Mil·
3388 2348 3576 2443 glor.
3639 2354 3827 2437 426:

1492 2478 1685 2571 Quin
1741 2503 1889 2573 ego
1946 2481 2082 2550 hoc
2134 2504 2421 2573 rogem,
2481 2480 2685 2573 quod
2745 2479 3112 2551 nesciam?

408 2617 613 2709 qumi
673 2617 773 2685 sir..
887 2612 1231 2708 explicari
1290 2610 1554 2685 debet:
1615 2608 1779 2683 Wie
1839 2611 2038 2683 denn
2092 2612 2333 2683 nicht?
2414 2614 2658 2706 Frage
2719 2615 2830 2684 ich
2886 2613 3006 2684 ihn
3064 2614 3390 2684 danach!
3479 2615 3519 2684 i.
3609 2639 3672 2684 e.
3732 2614 3899 2685 Wie
3984 2615 4181 2685 denn

408 2749 545 2817 soll
605 2753 713 2817 ich
781 2753 893 2817 ihu
957 2747 1155 2820 nicht
1210 2747 1503 2842 fragen!

735 2885 953 2953 Cuius
1011 2882 1310 2975 generis
1362 2882 1553 2953 haec
1612 2878 1954 2975 exempla
2011 2881 2208 2975 apud
2268 2879 2596 2951 Plautum
2655 2881 3135 2951 inveniuntur:

737 3017 994 3086 lizicch.
1064 3038 1293 3105 1049:
1353 3013 1546 3105 Quin
1607 3038 1754 3109 ego
1812 3014 1965 3085 istic
2025 3015 2225 3107 quod
2282 3014 2832 3108 perdundumst,
2892 3038 3289 3108 properem
3349 3016 3719 3109 perdere?

412 3178 577 3222 uam
637 3153 733 3219 ita
793 3178 929 3242 pm
993 3149 1212 3245 »quid
1270 3172 1418 3245 ego
1473 3149 1684 3220 istic«
1748 3144 2191 3219 Ritschelius
2247 3148 2646 3220 admodum
2703 3146 3199 3243 probabiliter.

733 3286 953 3354 lmen.
1022 3284 1258 3374 1238:
1321 3280 1517 3373 Quin
1580 3278 1936 3375 eloquar?

737 3418 953 3486 Pac-n.
1067 3422 1254 3508 561:
1313 3416 1506 3508 Quin
1560 3415 1978 3486 deciderint
2027 3414 2263 3487 velim.

761 3554 841 3644 d]
957 3549 1377 3621 Admodum
1432 3549 1781 3644 frequens
1837 3547 2234 3643 particulae
2295 3551 2467 3643 quin
2520 3551 2792 3622 idioma
2848 3568 2986 3637 est,
3045 3577 3086 3621 e
3146 3575 3294 3643 quo
3352 3551 3523 3643 quin
3578 3574 3737 3619 cum
3795 3548 4173 3620 indicativi

416 3706 488 3754 ιτι
545 3686 925 3778 singularis
983 3700 1060 3755 et
1113 3680 1413 3778 pluralis
1468 3683 1702 3778 prima
1775 3707 2102 3777 persona
2186 3684 2663 3780 coniungitur.
2784 3685 2953 3775 Qua
3010 3699 3371 3755 structura
3469 3684 3674 3776 quasi
3735 3682 3831 3770 fit,
3892 3699 3968 3752 ut
4026 3707 4180 3754 ora-

420 3842 529 3890 tur
585 3846 753 3890 εει-ΞΗ
817 3818 1247 3890 adhortetur
1311 3840 1663 3910 suumque
1735 3816 2050 3888 animum
2106 3818 2514 3907 confirmet3
2580 3817 2777 3890 velut
2830 3819 3000 3888 Cas,
3071 3838 3210 3905 712
3274 3832 3509 3887 extat:

737 3954 929 4042 [juin
1010 3953 1189 4024 imus
1270 3949 1512 4043 ergo?
1649 3951 1853 4044 quod
1948 3953 2049 4023 sic
2144 3952 2700 4024 dissolvendum
2795 3967 2960 4021 est:
3078 3950 3161 4042 Ja
3248 3976 3522 4022 warum
3612 3950 3873 4022 nicht?
4020 3951 4179 4022 Wir

420 4090 665 4186 gehen
721 4086 925 4158 alsam?

745 4222 849 4290 Eu
905 4205 1279 4314 exempla:

745 4358 965 4424 More.
1023 4354 1209 4443 908:
1267 4350 1421 4425 Sed
1479 4353 1646 4447 quin
1705 4370 2038 4426 ornatum
2095 4363 2278 4424 hunc
2335 4350 2612 4423 reicio?

745 4490 965 4558 Elui-c.
1028 4488 1210 4578 387:
1266 4484 1456 4578 Quin
1511 4510 1659 4580 ego
1716 4489 1897 4557 hunc
1956 4485 2362 4578 adgredior
2421 4488 2513 4557 de
2566 4483 2722 4556 illa?
2780 4486 2945 4580 quin
3006 4511 3153 4580 ego
3208 4487 3367 4557 hinc
3423 4512 3538 4557 me
3594 4488 3948 4559 amolior?

749 4622 953 4690 fisin.
1025 4643 1205 4710 291:
1258 4620 1451 4714 Quin
1509 4645 1661 4714 ego
1719 4620 1911 4691 hanc
1966 4621 2183 4690 iubeo
2243 4634 2517 4701 tacere,
2575 4644 2766 4714 quae
2823 4617 3134 4713 loquens
3188 4617 3469 4691 lacerat
3523 4619 3764 4692 diem?

753 4758 937 4826 stud.
1006 4760 1190 4846 236:
1245 4753 1438 4847 Quin
1493 4777 1714 4839 v0c0‚
1770 4768 1847 4824 ut
1900 4778 2019 4824 me
2075 4753 2347 4841 audiat,
2409 4755 2695 4826 nomine
2748 4751 2942 4826 illam
2996 4753 3178 4825 suo?

1012 4889 1192 4980 586:
1248 4886 1443 4981 Quin
1497 4888 1691 4958 abeo
1748 4885 1912 4958 hinc
1966 4887 2037 4958 in
2089 4888 2399 4960 Veneris
2458 4886 2739 4960 sanum?

761 5022 945 5094 Mat-11.
1013 5039 1193 5110 247:
1249 5019 1443 5113 Quin
1496 5044 1630 5093 nos
1685 5019 1853 5091 hinc
1908 5022 2203 5093 domum
2260 5022 2579 5094 redimus
2636 5067 2740 5076 —
2791 5064 2892 5076 -—
2933 5066 3033 5075 —
3092 5025 3114 5092 ?

765 5157 1024 5227 [amai.
1095 5178 1335 5246 1049:
1395 5154 1586 5246 Quin
1638 5154 1804 5226 hinc
1857 5155 2001 5227 cito
2050 5157 2231 5227 imus
2289 5155 2643 5253 gradibus
2701 5156 3169 5229 militaribus?

767 5294 961 5358 Pers.
1026 5292 1206 5380 765:
1260 5287 1416 5361 Sed
1471 5291 1762 5375 amab0‚
1818 5286 2067 5361 oculus
2122 5314 2351 5373 meuS‚
2408 5290 2578 5384 quin
2629 5290 2842 5361 lectis
2899 5314 3034 5361 nos
3090 5305 3407 5362 actutum
3466 5290 4106 5361 commendamus?
