4409 5675
2135 400 2166 465 7

1735 478 1818 485 —.—--
1859 479 1876 485 -
1890 480 2199 485 -—-—----——--.-
2233 479 2549 485 ——n———0

244 588 686 665 Trinummo
727 616 947 689 supra
1003 597 1293 667 allatum
1343 594 1656 666 eundern
1705 596 1772 667 in
1821 596 2121 667 modum
2183 597 2288 667 sic
2344 613 2459 667 est
2504 594 3057 691 explicandum:
3113 594 3231 667 De
3288 596 3431 666 hac
3486 620 3564 667 re
3620 595 3790 667 mihi
3843 594 4021 668 satis

245 730 400 799 hau
459 728 715 823 liquet:
772 729 903 800 nisi
958 729 1102 800 hoe
1162 730 1266 800 sic
1333 730 1628 803 faciam:
1688 728 2054 801 Hiertiber
2107 732 2229 801 bin
2286 730 2396 801 ich
2462 730 2590 801 mir
2642 731 2838 801 nicht
2892 728 3087 819 klar3
3146 730 3345 801 nein!
3412 731 3701 802 m'ocbte
3758 730 3871 801 ich
3942 754 4027 801 es

247 862 451 935 doch
509 888 595 934 so
649 863 1038 957 anfangen.

573 1097 785 1170 Nunc
845 1100 1266 1171 devenimus
1321 1100 1416 1170 ad
1474 1125 1679 1171 usum
1737 1097 2254 1181 illustrandum,
2312 1127 2353 1171 e
2410 1124 2559 1195 quo
2618 1100 3154 1171 enuntiationes
3224 1127 3267 1171 a
3304 1102 3655 1196 particula
3696 1125 3799 1171 ne
3857 1100 4017 1172 inci-

252 1234 550 1329 pientes
602 1241 1148 1325 παρατακτικῶς
1203 1261 1284 1306 Se
1340 1236 1640 1305 habent.

579 1398 791 1469 Haec
850 1415 1094 1469 autem
1153 1397 1507 1494 particula
1565 1424 1654 1469 ne
1715 1400 2027 1493 praebet
2065 1398 2709 1491 significationem:
2778 1398 3019 1479 „Dass
3076 1422 3206 1469 nur
3253 1398 3331 1493 ja
3386 1398 3680 1485 nicht;“
3736 1420 4031 1492 semper

255 1534 454 1603 enim
513 1556 602 1603 ne
661 1533 835 1628 quid
894 1533 1038 1617 fiat,
1099 1549 1346 1627 optat:
1402 1533 1632 1629 Moge
1689 1534 1848 1604 dies
1903 1533 2092 1605 nicht
2145 1533 2596 1627 geschehen.

893 1668 983 1739 cs.
1041 1667 1235 1739 Men.
1299 1688 1464 1758 250.
1525 1669 1880 1739 molestus
1935 1694 2025 1739 ne
2080 1668 2195 1739 sis.

1051 1802 1197 1874 Mil.
1245 1808 1462 1894 1363.
1525 1828 1616 1874 ne
1673 1829 1790 1873 me
1845 1804 2178 1875 deseras,

1054 1936 1252 2008 Men.
1315 1956 1490 2027 415.
1553 1962 1644 2007 ne
1713 1936 1998 2009 feceris

577 2102 894 2173 Abunde
961 2101 1180 2171 etiarn
1237 2099 1596 2171 interdum
1671 2103 2130 2195 coniungitur
2185 2127 2344 2173 curn
2429 2100 2783 2194 particula
2839 2102 3141 2183 utinam,
3198 2127 3389 2197 quae
3466 2118 3582 2173 est
3662 2102 4025 2197 optantisg

259 2238 438 2307 vide
480 2237 652 2309 Ter.
711 2238 994 2308 Phorm.
1054 2236 1103 2307 1.
1168 2259 1234 2326 3,
1297 2256 1364 2327 5.

958 2371 1247 2443 Utinam
1303 2396 1396 2441 ne
1453 2370 1868 2443 Phormioni
1921 2370 1996 2442 id
2050 2370 2367 2443 suadere
2433 2371 2505 2441 in
2560 2385 2878 2442 mentem
2931 2370 3332 2443 incidisset.

580 2608 975 2679 Praeterea
1028 2606 1384 2703 particula
1441 2634 1532 2680 ne
1591 2608 1789 2703 apud
1850 2604 2178 2679 Plautum
2241 2622 2628 2701 usurpatur
2687 2607 3071 2677 coniuncta
3125 2607 3766 2702 cumimperatiVO,
3824 2608 4023 2680 cuius

274 2742 593 2838 generiS‚
655 2742 823 2836 quia
881 2742 1089 2813 nimis
1142 2760 1395 2813 notum
1442 2742 1554 2827 sit,
1613 2740 1820 2838 plura
1875 2740 2217 2836 exempla
2276 2740 2539 2813 afferre
2596 2766 2743 2812 non
2801 2756 3147 2835 oportere
3204 2740 3388 2813 duxi.
3474 2743 3585 2813 En
3642 2740 4021 2840 exempla:

792 2907 1015 2976 Mero.
1076 2909 1262 2994 614:
1322 2930 1605 3000 quaeso
1661 2903 1928 2988 hercle,
1994 2906 2311 2978 animum
2366 2932 2458 2977 ne
2517 2904 2925 2999 desponde.

793 3039 994 3112 Pers,
1074 3063 1268 3130 490:
1325 3041 1480 3124 abi,
1539 3065 1628 3111 ne
1685 3041 1860 3112 iura.
1928 3042 2107 3113 satis
2171 3039 2424 3112 credo,

1070 3181 1256 3265 677:
1316 3201 1407 3247 ne
1464 3175 1671 3248 doce.

579 3336 1002 3409 Notandum
1057 3352 1189 3418 est,
1267 3339 1404 3410 hoc
1467 3338 1732 3409 idioma
1799 3338 1868 3409 in
1940 3362 2280 3410 sermone
2355 3336 2678 3409 familiari
2752 3334 2979 3408 Plauti
3058 3355 3135 3409 et
3190 3335 3521 3409 Terentii
3587 3337 4016 3432 saepissime

260 3471 564 3543 inveniri
620 3487 842 3566 atque
896 3497 1192 3566 prorsus
1243 3474 1516 3544 eodem
1569 3471 1791 3544 modo
1853 3497 1999 3566 quo
2073 3497 2164 3543 ne
2220 3497 2380 3543 cum
2441 3469 2911 3543 coniunctivo
2981 3471 3427 3566 praesentis:
3516 3498 3644 3543 «ne
3698 3472 4007 3543 credas«

253 3603 678 3700 usurpari,⁶)
742 3624 998 3679 contra
1051 3608 1508 3702 temporibus
1565 3623 1946 3701 poetarum
2003 3606 2557 3702 Augusteorum
2612 3605 2847 3700 magis
2900 3605 2970 3675 in
3023 3631 3156 3676 usu
3214 3632 3382 3678 esse
3439 3631 3529 3677 ne
3588 3630 3748 3678 curn
3804 3631 4013 3701 prae-

257 3737 488 3811 sentis
547 3738 1092 3834 coniunctivo⁷).

579 3902 768 3974 Tum
836 3920 1081 3976 autem
1137 3905 1376 3977 omnia
1443 3905 1934 3976 net-enuntiata
1991 3930 2034 3975 e
2092 3905 2329 3975 verbo
2386 3927 2844 4000 praegresso
2918 3923 3094 4000 apta
3150 3904 3305 3976 sine
3361 3903 3582 3975 dubio
3642 3927 3735 3974 ex
3786 3929 4012 3999 παρα-

261 4035 463 4125 τάξει
517 4037 1116 4132 proficiscuntur3
1173 4039 1264 4112 cf.
1325 4040 1526 4111 Most
1587 4060 1770 4131 542:
2598 4110 2635 4161 ⁸

1183 4189 1488 4254 »metuo,
1544 4197 1634 4245 ne
1693 4173 1789 4245 de
1843 4173 1988 4245 hac
2043 4198 2122 4245 re
2179 4173 2549 4269 quippiam
2602 4171 3154 4257 indaudiverit‚‹

263 4331 468 4425 quod
524 4336 936 4428 exemplum
997 4334 1097 4405 sic
1153 4349 1272 4404 est
1321 4333 1898 4411 dissolvendum:
1983 4349 2365 4406 metuo—
2428 4335 2597 4430 (sed
2651 4341 2900 4430 optoz}
2961 4358 3053 4407 ne
3115 4391 3579 4407 .......
3642 4332 4009 4428 quippiam

262 4465 763 4539 indaudiverit.
3664 4483 3669 4490 ’

584 4601 702 4671 De
770 4616 1065 4674 nostrae
1138 4602 1426 4692 linguae
1491 4605 1854 4675 contraria
1933 4605 2280 4674 versione
2368 4619 2591 4697 atque
2678 4602 3127 4698 cogitatione
3200 4601 3711 4697 particularum
3782 4602 4013 4672 verba

263 4734 567 4806 timendi
645 4738 1105 4829 sequentium
1157 4737 1328 4809 vide
1397 4737 1672 4831 Reisig.
1727 4735 1962 4809 Vorls.
1997 4737 2116 4809 ed.
2169 4737 2487 4809 Haasius
2546 4733 2811 4838 §3153
2867 4735 3289 4831 Zumptium‚
3348 4738 3507 4808 Lat.
3569 4736 3694 4806 Gr.
3748 4731 3795 4838 ξ
3834 4757 4004 4826 533.

585 5099 631 5181 8)
674 5099 928 5181 Zumpt.
978 5098 1222 5163 Latein.
1273 5097 1556 5162 Gramm.
1606 5103 1646 5180 ξ
1699 5103 1816 5178 585
1866 5099 2060 5162 Anm.

586 5215 632 5298 ⁷)
677 5215 936 5278 Servius
980 5217 1064 5278 ad
1107 5215 1302 5296 Verg.
1349 5216 1512 5288 Aen,
1561 5216 1670 5289 VI,
1729 5228 1852 5294 544
1899 5215 2058 5278 haec
2104 5215 2292 5276 dicit:
2350 5235 2431 5277 ne
2476 5215 2649 5276 saevi
2696 5214 2958 5295 antique
3006 5216 3247 5278 dictum
3294 5225 3407 5278 est.
3502 5215 3669 5278 Nam
3714 5236 3881 5279 nunc
3926 5237 4009 5278 ne

687 5331 940 5395 saevias
989 5332 1278 5407 dicimuS,
1329 5353 1446 5394 nec
1496 5333 1948 5415 imperativum
1993 5333 2318 5413 iungimus
2366 5329 2677 5394 adverbio
2722 5331 3113 5412 imperantis
