4409 5675
2128 314 2212 379 37

608 513 814 586 Trin.
877 534 1060 605 341:
1111 512 1285 585 Non
1340 538 1436 587 eo
1491 514 1677 585 haec
1737 514 1928 603 dico,
2004 514 2181 610 quin
2240 538 2436 608 quae
2502 528 2580 583 tu
2629 510 2769 599 vis,
2840 532 2991 603 ego
3046 507 3263 580 velim
3321 520 3400 578 et
3453 503 3718 575 faciam
3786 502 4073 574 lubens,

855 649 1053 741 586:
1111 645 1332 719 Nullo
1383 648 1618 720 modo

1106 782 1458 879 Aequom
1515 781 1805 857 videtur
1858 782 2030 880 quin
2086 783 2292 880 quod
2342 778 2709 877 peccarim
2769 838 2784 853 .
2849 836 2863 852 .
2926 837 2940 851 .

3066 912 3094 981 Ι
3145 910 3399 983 modo,

1107 1051 1597 1127 Potissumum
1653 1054 1824 1127 mihi
1881 1054 1955 1127 id
2011 1052 2234 1127 obsit.

867 1206 1048 1278 105:
1105 1186 1302 1279 Quin
1361 1187 1635 1273 dicant,
1693 1212 1842 1260 non
1896 1205 2057 1277 est3
2115 1186 2381 1260 merito
2436 1198 2516 1258 ut
2570 1208 2664 1257 ne
2724 1181 2993 1267 dicant,
3052 1178 3130 1251 id
3185 1192 3327 1251 est.

620 1319 860 1393 Stich.
933 1322 1118 1413 187:
1175 1319 1356 1395 Non
1409 1322 1734 1395 amittam
1789 1322 1962 1418 quin
2018 1345 2176 1395 eas,

619 1454 830 1528 Cure.
903 1461 1082 1545 164:
1141 1454 1368 1529 Haud
1424 1480 1774 1529 recusem
1830 1454 2006 1551 quin
2056 1454 2229 1528 mihi
2284 1450 2481 1527 male
2534 1450 2652 1525 sit.

615 1586 889 1661 Bacch.
953 1609 1138 1678 209:
1197 1589 1370 1663 Non
1425 1586 1781 1663 tantulum

1178 1722 1555 1819 Umquam
1607 1724 2022 1803 intermittit
2077 1738 2374 1818 tempus
2430 1720 2603 1817 quin
2657 1744 2823 1792 eum
2880 1717 3225 1789 nominet.

619 1856 842 1931 Stich.
908 1861 1088 1950 756:
1145 1856 1578 1953 Numquam
1648 1860 1930 1957 edepol
1986 1857 2161 1933 med
2216 1850 2415 1931 istoc
2471 1855 2757 1943 vinces,
2812 1851 2989 1947 quin
3047 1872 3201 1943 ego
3258 1845 3532 1919 ibidem
3584 1842 3921 1940 pruriam.

621 1989 795 2065 Cas,
859 1992 996 2081 98:
1064 1989 1260 2065 Nihil
1315 1992 1603 2067 habere
1662 1995 1997 2070 addecet

1053 2125 1260 2199 Clam
1311 2126 1542 2201 virum
1599 2146 1680 2201 et
1736 2155 1931 2224 quae
1983 2129 2227 2212 habet,
2281 2140 2574 2223 partum
2629 2122 2701 2197 ei
2757 2123 2934 2195 haut
2984 2117 3377 2193 commode
3435 2128 3577 2202 est,

1044 2260 1240 2355 Quin
1291 2261 1449 2334 viro
1503 2280 1630 2337 aut
1685 2264 2100 2347 subtrahat,
2156 2277 2282 2335 aut
2332 2276 2589 2356 stupro
2646 2255 3023 2331 invenerit.

613 2392 840 2468 TruC.
897 2396 950 2469 I.
1015 2420 1080 2471 2.
1145 2422 1265 2491 39.
1321 2396 1444 2470 An
1495 2413 1574 2471 tu
1626 2414 1704 2472 te
1761 2397 2078 2473 Veneris
2133 2394 2501 2494 publicum
2554 2408 2681 2465 aut
2734 2389 3037 2463 Amoris
3096 2386 3239 2461 alia
3290 2382 3467 2478 lege

1313 2530 1620 2606 Habere
1677 2556 1911 2628 posse
1966 2528 2330 2629 postula5‚
2387 2528 2563 2625 quin
2616 2526 2901 2599 otiosus
2952 2522 3087 2597 fias
3104 2518 3231 2623 ?⁸⁶)

616 2661 888 2737 Pseud.
951 2667 1141 2758 853:
1195 2665 1319 2738 An
1371 2683 1448 2738 tu
1501 2667 1954 2764 coquitatum
2009 2682 2086 2739 te
2139 2665 2247 2738 ire
2303 2687 2681 2763 quoquam
2732 2656 3097 2757 postulas,

1305 2798 1502 2892 Quin
1556 2800 1653 2874 ibi
1704 2800 2122 2876 constrictis
2175 2798 2466 2896 ungulis
2524 2820 2786 2872 cenam
2844 2792 3167 2892 coquas?

619 2932 788 3008 Aul.
861 2957 886 3004 1
915 2958 940 3005 1
971 2958 1046 3007 1:
1098 2934 1292 3006 Nam
1347 2958 1500 3007 non
1553 2951 1670 3008 est
1718 2933 2130 3026 verisimile,
2187 2933 2561 3008 hominem
2617 2953 3035 3028 pauperem

1105 3065 1502 3141 Pauxillum
1555 3068 1770 3166 parvi
1824 3069 2094 3155 facere,
2153 3069 2324 3166 quin
2376 3091 2745 3142 nummum
2797 3077 3026 3162 petat.

625 3201 874 3276 Cist.I.
911 3227 971 3275 1.
1022 3204 1197 3274 118:
1254 3202 1627 3304 Numquid
1677 3230 1798 3278 me
1851 3204 1980 3288 vis,
2037 3218 2292 3287 mater,
2348 3201 2537 3274 intro
2591 3200 2762 3300 quin
2819 3198 3019 3272 eam?

620 3334 892 3430 Amph.
957 3354 1151 3428 970:
1216 3336 1590 3435 Numquid
1644 3337 1777 3427 viS,
1834 3337 2006 3434 quin
2059 3338 2327 3411 abeam
2377 3336 2522 3409 iam
2576 3334 2812 3409 intro?

620 3468 888 3565 Amph.
964 3490 1147 3562 157:
1207 3470 1368 3544 Nec
1421 3496 1718 3544 causam
1769 3469 1992 3545 liceat
2043 3471 2300 3544 dicere
2356 3469 2531 3543 mihi
2585 3495 2829 3570 neque
2882 3470 2954 3543 in
3011 3496 3144 3544 ero
3202 3471 3597 3570 quiequam
3652 3469 3867 3544 auxili

1181 3605 1341 3678 Siet
1393 3629 1540 3678 nec
1594 3605 1983 3704 quisquam
2041 3604 2160 3694 sit,
2224 3604 2393 3702 quin
2445 3629 2562 3677 me
2618 3630 2880 3677 omnes
2940 3630 3114 3678 esse
3168 3604 3471 3704 dignum
3525 3608 3905 3702 deputent.

625 3735 798 3810 Cas.
854 3761 1046 3829 400:
1105 3738 1378 3812 Tribus
1431 3765 1580 3812 non
1639 3739 1955 3813 conduci
2008 3763 2317 3837 possum
2368 3737 2829 3812 libertatibus

1105 3873 1302 3968 Quin
1361 3898 1512 3971 ego
1564 3872 1700 3946 illis
1751 3872 1977 3946 hodie
2030 3897 2463 3969 comparem
2516 3898 2862 3970 magnum
2912 3877 3181 3947 malum

1104 4006 1446 4105 Quinque
1499 4006 1690 4080 hanc
1748 4033 2042 4082 omnem
2095 4033 2255 4082 rem
2314 4033 2535 4081 meae
2592 4032 2770 4082 erae
2826 4007 2969 4081 iam
3026 4007 3287 4082 faciam
3340 4004 3603 4104 palam.

623 4167 681 4270 i)
737 4167 1082 4268 Denique
1139 4170 1588 4244 mentionem
1645 4171 1928 4244 iniciam
1983 4169 2373 4244 locutionis
2464 4170 2765 4244 »mirum
2848 4171 3063 4269 quin«
3151 4196 3344 4270 quae
3426 4171 3591 4243 sola
3670 4167 4081 4241 abhorrere

301 4299 600 4373 videtur
651 4303 748 4375 ab
810 4328 904 4377 eo
958 4320 1368 4402 praecepto
1426 4323 1504 4378 ut
1558 4306 1928 4378 sententia
1981 4303 2326 4403 primaria
2377 4329 2681 4401 semper
2734 4305 3083 4404 negativa
3134 4305 3247 4378 sit.
3342 4302 3502 4378 Sed
3546 4328 3692 4376 non
3732 4302 4084 4376 abhorret

303 4435 404 4507 ab
477 4433 597 4508 illa
659 4461 939 4524 norma,
1021 4464 1190 4512 nam
1256 4456 1376 4512 est
1427 4439 1704 4512 ironiae
1763 4439 2169 4512 inserviens
2224 4437 2551 4525 formula,
2633 4466 2826 4540 quae
2906 4441 3228 4536 praebet
3281 4437 3725 4512 sententiam
3775 4460 4082 4534 prorsus

309 4569 752 4664 negativam.
867 4571 1172 4668 Optime
1229 4597 1324 4647 ea
1377 4575 1474 4647 de
1529 4573 1966 4671 quaestione
2027 4573 2373 4648 disseruit
2424 4571 2951 4671 Lorenzius⁸⁷),
3010 4573 3131 4670 qui
3181 4574 3376 4647 haec
3433 4571 3711 4646 statuit:
3786 4571 4083 4644 »mirum

621 4943 700 5028 ⁸⁶)
745 4942 958 5010 Codd.
1006 4944 1204 5008 ceteri
1259 4944 1465 5009 »bene
1511 4965 1647 5008 rem
1707 4944 2076 5028 publicam«
2139 4943 2462 5028 praebent
2518 4965 2641 5028 pro
2694 4946 3004 5009 »Veneris
3048 4945 3417 5028 publicum«
3468 4945 3648 5028 quod
3698 4943 4081 5008 Studemun-

736 5061 882 5123 dius
926 5081 1012 5124 ex
1054 5060 1200 5128 cod.
1246 5061 1314 5124 A
1356 5061 1650 5125 restituit.

615 5201 696 5290 8'‘)
741 5204 819 5272 cf.
869 5206 1257 5270 Lorenzium
1302 5206 1388 5269 ad
1430 5206 1628 5274 Most.
1671 5208 1824 5287 478.
