4409 5675
3286 156 3985 299 Ρρκίοοςοςς,

3280 322 3407 419 :3
3432 348 3631 441 360

3326 452 3705 561 137ss

635 1902 862 2025 Inter
945 1950 1338 2047 plerosque
1420 1953 1611 2025 viros
1684 1952 1952 2025 doctos
2030 1966 2319 2025 constat
2398 1946 2742 2039 ὑπόταξιν
2833 1962 2909 2019 ut
2998 1946 3252 2019 dicitur
3347 1958 3590 2015 natam
3699 1966 3867 2014 esse
3949 1966 4041 2012 ex

297 2087 714 2181 παρατάξει.
855 2087 1062 2158 Haec
1129 2102 1373 2159 autem
1445 2060 1567 2159 ‘est
1629 2088 2033 2175 sententia,
2121 2112 2267 2183 qua
2349 2086 2445 2158 de
2516 2108 2935 2181 quanquam
3020 2080 3357 2153 omnibus
3439 2078 3611 2187 fere.
3660 2076 4037 2173 probatur,

299 2222 567 2293 nullam
627 2236 868 2293 tamen
922 2220 1183 2309 adhuc,
1241 2246 1432 2317 quae
1491 2218 1712 2316 paulo
1771 2223 2176 2294 accuratius
2234 2222 2329 2293 de
2385 2222 2523 2295 hac
2578 2217 3013 2315 quaestione
3084 2214 3283 2311 apud
3342 2229 3676 2286 auctores
3730 2198 4037 2284 Latinos

305 2372 502 2453 agat,
587 2356 1179 2429 dissertationem
1252 2372 1505 2429 extare
1584 2358 1940 2453 suspicor.
2083 2355 2620 2430 Delbrueckius
2684 2368 2927 2425 autem
3012 2366 3232 2446 atque
3290 2346 3775 2423 Windischius
3834 2344 4040 2443 primi

299 2508 482 2575 sunt,
542 2492 664 2587 qui
720 2492 1008 2563 omnino
1063 2491 1250 2564 hanc
1305 2516 1460 2563 rem
1515 2492 1914 2587 tetigerunt
1968 2508 2041 2563 et
2097 2505 2500 2564 tractarunt
2555 2491 2621 2561 in
2674 2513 2903 2585 opere
2961 2483 3083 2558 illo
3142 2485 3481 2581 egregiO,
3541 2482 3747 2578 quod
3799 2479 4038 2553 inscri-

297 2625 526 2697 bitur:
639 2624 842 2697 »Der
901 2623 1298 2698 Gebrauch
1353 2627 1489 2698 des
1531 2625 1998 2723 Conjunctivs
2056 2628 2204 2699 und
2271 2625 2619 2723 Optativs
2684 2624 2778 2695 im
2832 2620 3167 2695 Sanskrit
3218 2619 3364 2694 und
3422 2616 4036 2713 Griechischene3

312 2775 480 2833 torn.
537 2762 584 2834 1.
643 2756 922 2831 illorum
978 2761 1268 2856 operis:
1367 2760 1933 2858 »Syntaktische
1991 2740 2623 2862 Forschungena'

623 2892 719 2967 llli
773 2895 900 2967 viri
968 2896 1166 2970 docti
1233 2897 1437 2995 quasi
1492 2897 1816 2992 signiferi
1869 2877 2154 2970 fuerunt
2206 2899 2410 2971 huius
2452 2896 2900 2994 disciplinae,
2971 2920 3161 2992 quae
3238 2919 3329 2966 ex
3380 2891 3783 2985 linguarum
3840 2911 4034 2960 com-

303 3029 684 3124 paratione
713 3029 1333 3126 proficiscebatur.
1391 3031 1641 3128 Atque
1684 3033 1953 3127 optime
2009 3057 2159 3105 rem
2213 3031 2746 3106 illustraverunt
2802 3027 3153 3126 exemplis
3208 3055 3300 3102 ex
3342 3027 3679 3101 Homero
3710 3023 4037 3119 sumptis,

305 3164 578 3260 quippe
617 3165 812 3260 apud
837 3191 1062 3262 quem
1123 3182 1200 3236 et
1233 3166 1629 3260 παράταξις
1684 3183 1763 3239 et
1798 3167 1954 3239 eius
2011 3168 2357 3240 transitus
2395 3168 2460 3239 in
2512 3163 2858 3256 ὑπόταξιν
2915 3165 3228 3238 maxime
3287 3161 3683 3260 perspicue
3720 3155 4037 3255 intellegi

301 3298 562 3393 possit.
657 3299 768 3371 Ac
823 3300 882 3371 si
935 3299 1389 3395 propositum
1447 3317 1559 3371 est
1610 3299 1675 3372 in
1727 3299 1920 3374 hanc
1971 3303 2530 3397 grammaticam
2571 3300 3077 3397 quaestionem
3116 3298 3319 3394 apud
3353 3295 3654 3370 Latinos
3694 3307 4035 3368 auctores

303 3432 716 3527 inquirere,
811 3434 1139 3530 quisnam
1222 3459 1315 3506 ex
1369 3435 1696 3507 omnibus
1786 3437 2022 3531 magis
2103 3437 2171 3508 in
2234 3462 2391 3508 rem
2472 3451 2625 3524 est,
2727 3459 2947 3530 quam
3036 3432 3367 3520 Plautus,
3454 3429 3822 3503 Homerus
3911 3427 4027 3501 ille

301 3565 843 3639 Romanorum?

621 3701 801 3772 Cum
881 3704 1094 3795 igitur
1177 3704 1341 3777 mihi
1444 3704 1515 3776 in
1568 3719 1889 3778 mentem
1972 3705 2252 3778 venerit
2335 3705 2430 3776 de
2532 3728 2731 3776 mera
2784 3703 3174 3800 παρατάξει
3250 3717 3471 3798 atque
3552 3701 3646 3774 de
3727 3701 3881 3773 eius
3964 3699 4033 3774 in

301 3829 651 3924 ὑπόταξιν
708 3838 1011 3910 transitu
1101 3838 1442 3912 nonnulla
1496 3839 1853 3924 scribere,
1913 3841 2114 3936 quia,
2202 3864 2461 3912 omnes
2544 3835 2940 3934 particulas
3030 3836 3126 3910 de
3210 3835 3355 3908 hac
3441 3833 3871 3932 quaestione
3961 3848 4039 3907 ut

301 3971 732 4058 examinem,
788 3972 904 4043 vix
959 3973 1112 4045 fieri
1165 3989 1439 4070 potest,
1518 3974 1685 4048 mihi
1741 3975 1810 4047 in
1884 3975 2120 4048 animo
2206 3991 2325 4048 est
2388 3974 2788 4070 παράταξιν
2870 3997 2963 4045 ex
3030 3997 3171 4043 una
3252 3966 3607 4066 particula
3686 3984 4031 4042 accurate

297 4103 833 4178 demonstrare.
939 4107 1127 4180 Nam
1183 4127 1261 4181 et
1316 4109 1412 4181 ad
1470 4124 1702 4182 totam
1761 4109 2143 4183 materiam
2210 4106 2751 4183 absolvendam
2805 4125 3090 4202 tempus
3156 4106 3499 4202 viresque
3554 4103 3903 4178 deficiant
3954 4119 4031 4178 et

295 4264 441 4310 non
495 4265 588 4312 ex
642 4242 973 4313 omnibus
1028 4243 1353 4339 partibus
1413 4245 1620 4339 quasi
1676 4260 2029 4340 excerpta
2085 4244 2351 4318 afferre
2408 4239 2779 4317 consilium
2837 4258 2977 4316 est.

624 4374 1036 4471 Propterea
1111 4379 1326 4474 igitur
1382 4379 1759 4451 transitum
1811 4379 2281 4476 παρατάξεως
2346 4380 2416 4453 in
2472 4374 2821 4468 ὑπόταξιν
2876 4403 2969 4450 ex
3020 4372 3373 4450 nonnullis
3426 4373 3790 4472 particulis
3844 4398 4028 4447 sum-

295 4509 537 4582 matim
619 4508 1005 4607 explicabo
1081 4514 1589 4609 nonnullisque
1657 4511 2009 4610 exemplis
2079 4515 2567 4599 confirmabO,
2630 4513 2900 4586 deinde
2959 4512 3361 4608 particulae
3436 4535 3539 4624 »q
3556 4509 3693 4582 uin
3724 4543 3749 4574 ι
3826 4535 4027 4584 usum

291 4641 690 4718 Plautinum
742 4642 962 4740 paulo
1022 4647 1433 4744 diligentius
1491 4648 1922 4722 examinabo
1975 4665 2199 4744 atque
2256 4649 2743 4745 investigabo

609 4777 764 4852 Sed
819 4779 957 4851 hoc
1013 4783 1179 4853 loco
1247 4780 1559 4856 libenter
1610 4783 1986 4879 profiteor,
2050 4785 2233 4856 hanc
2291 4783 2888 4858 dissertationem
2953 4809 3115 4856 cum
3166 4778 3679 4877 multiplicibus
3737 4779 3833 4853 de
3886 4781 4023 4853 hac

285 4913 724 5010 quaestione
778 4913 1423 5010 significationibus
1474 4918 1547 4991 in
1631 4918 2021 4992 seminario
2081 4917 2381 4993 Kiliensi
2430 4919 2638 4992 factis
2667 4976 2683 5007 ,
2765 4919 2825 4991 F
2831 4917 3388 4990 orchhammero
3467 4930 3542 4988 et
3595 4913 4024 4990 Luebberto

287 5048 728 5121 doctissimis
785 5049 1288 5136 directoribUS‚
1349 5068 1494 5124 tum
1561 5052 2100 5126 incitationibus
2167 5053 2564 5127 Luebberti
2643 5051 3152 5149 praeceptoris
3229 5049 3578 5123 carissimi
3633 5049 3702 5123 in
3758 5050 4023 5125 scholis

301 5183 805 5257 ‹Lateinische
841 5185 1164 5280 syntax«
1205 5185 1546 5258 effectam
1608 5212 1804 5276 esse,
1863 5205 2086 5285 atque
2145 5190 2364 5262 etiam
2420 5187 2785 5284 etiamque
2841 5187 3216 5284 profiteor,
3277 5202 3810 5283 praeceptores
3864 5184 4021 5260 illos

281 5318 802 5394 illustrissimos
857 5320 1020 5392 mihi
1077 5319 1300 5392 fuisse
1355 5321 1427 5392 in
1475 5319 1616 5395 hac
1671 5324 2109 5423 quaestione
2164 5322 2673 5422 investiganda
2715 5321 3105 5395 fidissimos
3162 5319 3569 5420 signiferos,

1887 5437 2425 5543 829023
3544 5441 3611 5506 ¹*
