4409 5675
2156 346 2305 433 -24

687 537 930 611 COdd·
991 532 1367 630 eXhibent:
1431 553 1648 647 Quid.
1703 547 2017 625 malum?
2101 550 2174 621 id
2256 565 2493 621 totum
2572 566 2867 635 tuomst,
2958 574 3181 643 quarn
3262 548 3661 623 lectionem
3720 552 4121 623 Lorenzius

369 684 646 779 optime
706 689 812 761 sic
865 685 1231 765 defendit:
1313 686 1544 759 Ballio
1612 683 1806 767 thut,
1875 686 1982 755 als
2035 684 2387 755 verstehe
2473 709 2555 754 er
2607 685 2895 755 nichts:
3043 682 3241 775 Quid
3299 710 3396 755 sc.
3486 710 3863 759 commune
3950 713 4123 759 esse

372 822 722 914 oportet?
805 823 1109 894 malurn?
1189 822 1302 895 ein
1360 820 1748 913 Ungliick?
1803 818 1841 889 i.
1896 835 1944 888 t.
2003 835 2054 890 t.
2118 878 2131 889 .
2201 878 2215 890 .
2274 874 2289 889 .
2347 817 2562 908 Quae
2648 816 3037 912 explicatio
3123 844 3290 889 mea
3373 821 3669 913 quidem
3754 822 4124 893 sententia

368 955 783 1028 rectissime
839 981 922 1029 se
975 956 1220 1028 habet.
1301 954 1531 1027 Ballio
1585 954 1773 1026 enim
1834 953 2271 1047 suspicatur,
2332 952 2754 1045 Harpacem
2815 978 2983 1023 esse
3015 951 3351 1026 Pseuduli
3412 956 3845 1035 adiutorem,
3900 974 4125 1051 atque

369 1087 680 1183 gaudet,
741 1092 947 1185 quod
1004 1105 1392 1184 argentum
1445 1104 1717 1161 teneat.
1831 1088 2268 1181 Propterea,
2340 1110 2501 1157 cum
2556 1086 2755 1157 Simo
2822 1112 3009 1169 eum,
3098 1104 3175 1158 ut
3229 1088 3591 1160 dimidium
3649 1090 3939 1183 argenti
3994 1091 4129 1161 sibi

370 1221 526 1309 det,
581 1222 936 1307 hortetur,
990 1226 1248 1295 iocoso
1307 1246 1672 1317 responso
1731 1248 1896 1293 eum
1954 1218 2261 1316 repellit.

689 1356 756 1457 f)
811 1357 1268 1452 Significatio
1327 1357 1656 1430 adverbii
1713 1358 1884 1453 quin
1937 1355 2193 1426 addito
2248 1352 2623 1426 vocabulo
2678 1355 3227 1428 corroboratur.

373 1496 492 1585 aa)
551 1490 749 1584 Quin
805 1516 995 1587 ergo
1055 1536 1158 1547 -—-
1215 1516 1401 1587 ergo
1457 1491 1654 1585 quin.

799 1636 875 1701 α)
928 1629 1330 1698 Praeterea
1362 1649 1596 1719 saepe
1637 1622 2043 1719 particulae
2079 1624 2248 1718 quin
2270 1623 2529 1695 addito
2564 1627 2891 1719 quodam
2919 1626 3280 1697 vocabulo
3306 1626 3538 1696 maior
3566 1625 3679 1696 vis
3698 1626 4129 1698 attribuitur.

379 1760 548 1831 Huc
587 1758 982 1831 referenda
1020 1775 1140 1831 est
1179 1757 1485 1831 formula
1542 1759 1740 1853 apud
1771 1756 2100 1829 Plautum
2159 1758 2561 1830 admodum
2619 1758 3001 1853 frequens:
3074 1759 3293 1853 »quin
3323 1782 3589 1852 ergo«,
3650 1784 3843 1852 quae
3898 1784 4133 1852 saepe

379 1893 477 1965 ad
533 1893 1127 1964 cohortationem
1181 1893 1661 1988 premendam
1719 1906 2139 1985 usurpatur;
2218 1894 2411 1963 velut
2466 1892 2669 1965 Asin.
2738 1915 2875 1982 30:
2962 1892 3152 1983 Quin
3237 1908 3315 1962 tu
3395 1916 3579 1987 ergo
3632 1895 3899 1988 rogas?
3966 1892 4137 1961 wie

386 2029 576 2099 denn
635 2026 870 2121 fragst
922 2026 1018 2097 du
1077 2025 1275 2097 doch
1330 2051 1463 2097 nur
1519 2026 1760 2098 nicht?
3438 2121 3447 2134 ·

707 2160 884 2231 Sine
939 2159 1166 2233 dubio
1224 2176 1482 2232 orator
1511 2160 1870 2231 eiusmodi
1929 2175 2361 2231 structuram
2413 2185 2776 2254 usurpans
2820 2162 3037 2231 etiam
3088 2162 3361 2233 maiore
3415 2186 3575 2231 cum
3614 2162 3681 2231 vi
3712 2161 4139 2233 cohortatur

389 2307 612 2388 atque
667 2295 1002 2389 imperat,
1059 2318 1278 2389 quam
1336 2293 1773 2387 simplicem:
1836 2293 2026 2383 Quin
2082 2292 2353 2389 rogas?

704 2427 875 2517 Qua
928 2427 1026 2498 de
1083 2427 1392 2498 formula
1445 2427 1612 2522 quin
1666 2451 1852 2521 ergo
1903 2425 2023 2496 vel
2078 2426 2256 2522 quin
2312 2441 2385 2497 tu
2440 2452 2625 2523 ergo
2697 2454 2889 2523 quae
2948 2431 3214 2500 eadem
3270 2430 3465 2500 haud
3537 2454 3702 2500 raro
3760 2428 4137 2513 invenitur,

383 2560 716 2632 Handius
744 2558 1054 2633 Tursell.
1097 2560 1274 2659 11.;·p.
1307 2582 1455 2652 455
1517 2561 1709 2632 haec
1766 2562 2102 2632 adnotat:
2167 2562 2322 2631 »Ea
2377 2570 2514 2635 (se.
2574 2562 2912 2657 formula)
2970 2564 3211 2649 utitur,
3269 2564 3390 2658 qui
3447 2563 3763 2643 miratur,
3824 2562 4142 2657 aliquam

383 2718 539 2767 rem
599 2719 744 2767 non
803 2694 1069 2766 factam
1124 2719 1296 2766 esse
1353 2696 1470 2767 vel
1521 2719 1667 2766 non
1719 2694 1946 2767 fieri.‹

705 2826 852 2900 Mil.
925 2830 1161 2920 1085:
1221 2827 1414 2921 Quin
1472 2854 1656 2923 ergo
1713 2827 1920 2901 abis?
2023 2828 2104 2918 Ja
2159 2853 2430 2900 warum
2487 2827 2679 2902 denn
2737 2830 2939 2903 doch
2990 2832 3217 2928 gehst
3270 2833 3366 2904 du
3422 2832 3657 2904 nicht?

706 2962 913 3036 Asin.
971 2965 1165 3039 380:
1229 2963 1428 3056 Quin
1481 2980 1678 3035 tuum
1739 2963 2054 3036 officium
2109 2963 2287 3035 facis
2346 2987 2533 3060 ergo
2592 2989 2678 3035 ac
2738 2964 2971 3058 fugis?

976 3099 1162 3189 850:
1227 3098 1424 3189 Quin
1480 3114 1554 3169 te
1612 3122 1803 3194 ergo
1857 3095 2164 3170 hilarum
2223 3098 2360 3169 das
2417 3099 2628 3170 mihi?

1045 3254 1176 3324 30:
1231 3231 1424 3324 Quin
1481 3247 1552 3303 te
1612 3255 1801 3326 ergo
1855 3230 2133 3328 rogas?

709 3367 931 3438 Merc,
976 3389 1170 3456 929:
1227 3364 1423 3457 Quin
1475 3381 1549 3436 tu
1607 3388 1793 3462 ergo
1851 3366 2062 3438 itiner
2119 3367 2429 3461 exsequi
2482 3392 2719 3439 meum
2778 3394 2893 3440 me
2952 3371 3166 3441 sinis?

977 3503 1156 3591 582:
1216 3498 1416 3592 Quid
1471 3498 1793 3572 stamus?
1847 3500 2017 3594 quin
2072 3524 2259 3592 ergo
2316 3500 2498 3571 imus
2554 3517 2777 3596 atque
2839 3504 3229 3576 obsonium
3288 3508 3661 3576 curamus?

718 3633 892 3705 Cas,
985 3651 1179 3722 712:
1240 3633 1432 3723 Quin
1485 3634 1670 3706 imus
1725 3633 1964 3728 ergo?

708 3766 978 3838 Pseud.
1079 3773 1303 3839 1016:
1394 3767 1586 3860 Quin
1641 3792 1962 3864 sequere
2017 3779 2202 3863 ergo
2258 3770 2465 3840 intro.
2561 3770 2787 3842 Poen.
2858 3791 3037 3860 711:
3124 3772 3320 3865 Quin
3401 3799 3719 3870 sequere
3778 3800 3896 3845 me
3955 3799 4169 3868 erg0.

707 3901 938 3972 Mero.
1000 3891 1092 3992 9'5
1107 3921 1185 3992 5:
1307 3900 1502 3993 Quin
1561 3917 1638 3973 tu
1695 3926 1883 3997 ergo
1939 3904 1958 3974 i
2013 3904 2267 3975 modo,

707 4035 892 4106 Rud.
1009 4038 1202 4106 628:
1262 4033 1464 4126 Quin
1516 4050 1591 4106 tu
1647 4060 1831 4131 ergo
1890 4037 2144 4108 omitte
2202 4063 2453 4133 genua
2507 4055 2584 4110 et
2639 4040 2813 4134 quid
2870 4041 2963 4111 sit
3022 4041 3116 4110 mi
3171 4042 3470 4134 expedi.

715 4171 787 4262 β)
824 4169 1226 4240 Praeterea
1266 4169 1378 4240 bis
1417 4169 1774 4241 invenitur
1810 4167 2116 4242 formula
2184 4195 2416 4265 »ergo
2474 4174 2718 4270 quin«,
2788 4176 2855 4246 in
2914 4198 3059 4268 qua
3113 4173 3529 4248 cohortatio
3589 4176 3807 4247 etiam
3863 4172 4177 4268 gravior

389 4302 459 4373 in
483 4326 659 4373 esse
717 4300 888 4372 mihi
939 4301 1246 4400 videtur·

715 4432 978 4506 Pseud.
1035 4457 1168 4523 40:
1223 4433 1432 4528 Ergo
1492 4437 1659 4530 quin
1714 4435 1941 4532 legis?
2047 4439 2211 4512 Mer
2369 4441 2549 4529 895:
2632 4439 2835 4536 Ergo
2889 4443 3057 4536 quin
3109 4442 3398 4515 videam
3456 4441 3677 4514 facis?

709 4567 840 4662 bb)
901 4567 1287 4640 Adverbio
1339 4569 1510 4663 quin
1563 4569 1853 4642 additur
1914 4571 2322 4667 »inquam«.

716 4699 1282 4796 Nonnumquam
1313 4704 1820 4775 accessionem
1861 4703 1976 4774 vel
2031 4704 2544 4798 gradationem
2580 4707 2985 4800 particulae
3027 4709 3201 4803 quin
3238 4709 3459 4781 efficit
3495 4711 3732 4782 forma
3778 4712 4117 4806 »inquam
4142 4751 4167 4778 ι

396 4859 543 4928 qua
601 4831 861 4904 addita
913 4833 1322 4907 distinctius
1377 4837 1824 4932 graviusque
1882 4837 2300 4930 imperatur.

722 4965 927 5040 Asin.
993 4989 1182 5060 377:
1243 4967 1437 5059 Quin
1490 4971 1865 5065 promittO,
1921 4971 2243 5064 inquam,
2298 4973 2601 5045 hostire.

722 5101 920 5172 Pers,
982 5103 1175 5192 598:
1235 5100 1430 5193 Quin
1486 5103 1731 5189 laudO,
1791 5103 2105 5200 inquam,
2165 5103 2541 5176 consilium
2595 5121 2810 5177 tuum.

721 5233 940 5328 Capt.
1017 5255 1242 5326 1017:
1303 5233 1517 5326 Quin,
1578 5235 1894 5328 inquam,
1951 5236 2142 5308 intus
2201 5239 2310 5310 hic
2366 5254 2503 5310 est.
