4409 5675
2280 370 2355 431 16

1925 458 1968 465 ..m
2001 459 2025 464 --
2077 460 2097 463 -
2139 460 2205 465 .-,-
2295 460 2395 465 ----
2421 462 2622 468 —----—

1333 573 1482 647 Mil.
1555 579 1786 665 1087:
1845 576 2045 668 Quid
2101 601 2283 647 nunc
2337 578 2535 650 stas?
2588 580 2755 675 quin
2817 580 2973 651 abis
2995 580 3117 674 ?²⁷)

750 706 900 779 Mil.
975 710 1208 801 1387:
1270 710 1468 803 Quid
1525 709 1724 783 stas?
1793 711 1960 807 quin
2031 712 2218 782 intro
2276 710 2384 781 is?
2463 711 2646 783 Was
2717 714 2951 787 stehst
3020 716 3115 786 du
3177 714 3379 787 hier?
3450 715 3749 789 Warum
3806 720 4029 813 gehst
4084 718 4191 791 du

1282 846 1472 917 doch
1529 846 1720 919 nicht
1769 844 2059 917 hinein?

753 980 982 1054 Stich.
1051 1000 1232 1071 714:
1289 980 1487 1073 Quid
1547 980 1830 1053 fastidis
1840 1040 2164 1055 .....
2231 979 2260 1050 ?
2316 983 2484 1077 quin
2540 982 2771 1055 bibis?

754 1114 967 1210 Epid.
1032 1124 1220 1209 667:
1283 1115 1481 1208 Quid
1533 1140 1714 1187 nunc
1772 1116 2072 1187 cessas?
2129 1116 2411 1213 conliga
2423 1176 2745 1191 .....
2808 1119 3001 1211 Quin
3056 1119 3381 1213 conligas
3404 1123 3519 1217 ?²⁸)

757 1252 954 1322 Pers.
1025 1275 1202 1341 144:
1262 1250 1460 1343 Quid
1518 1248 1684 1321 est?
1743 1250 1908 1345 quin
1967 1250 2168 1331 dicis,
2228 1252 2401 1347 quid
2458 1252 2779 1325 facturus
2838 1253 2982 1325 sis?

973 1414 1370 1486 Praeterea
1425 1408 1595 1483 illud
1651 1412 1818 1509 quin
1875 1413 2229 1485 invenitur
2283 1430 2705 1511 usurpatum
2764 1440 2926 1488 cum
2985 1414 3137 1489 aliis
3200 1419 3663 1515 temporibus

1177 1546 1399 1621 Stich.
1461 1556 1643 1640 576:
1707 1545 1902 1638 Quin
1957 1550 2241 1621 vocasti
2300 1549 2665 1622 hominem
2726 1552 2823 1622 ad
2876 1568 2949 1623 te
3007 1553 3101 1623 ad
3158 1552 3469 1625 cenam?

1177 1682 1401 1756 Merc.
1475 1685 1651 1771 189:
1709 1681 1905 1774 Quin
1960 1685 2242 1767 cavisti,
2300 1710 2389 1757 ne
2450 1712 2615 1757 eam
2668 1685 2977 1773 videret,
3038 1688 3400 1760 verbero?

1177 1817 1364 1890 Rud.
1427 1818 1610 1905 841:
1672 1815 1866 1907 Quin
1925 1817 2261 1889 occidisti
2321 1818 2735 1916 extemplo?

1172 1953 1392 2025 Poen.
1447 1960 1671 2043 1306:
1731 1950 1926 2045 Quin
1982 1952 2387 2037 adhibuisti,
2448 1956 2613 2027 dum
2674 1956 2905 2027 istaec
2964 1956 3292 2052 loquere,
3354 1960 3917 2053 tympanumm)

965 2090 1176 2162 Cure.
1243 2110 1424 2180 251:
1482 2084 1682 2178 Quid
1735 2085 1938 2159 stas?
1995 2089 2165 2184 quin
2226 2091 2749 2186 depromuntur
2804 2091 2985 2173 mihi,
3042 2118 3231 2187 quae
3288 2118 3471 2187 opus
3530 2096 3738 2165 sunt?

750 2225 1016 2298 Pseud.
1085 2248 1268 2315 204:
1321 2220 1512 2315 Quin
1565 2222 2046 2295 conveniunt?
2099 2223 2291 2316 Quin
2348 2252 2485 2297 una
2544 2251 2805 2297 omnes
2863 2243 3081 2321 peste
3135 2227 3272 2299 hac
3331 2228 3675 2323 populum
3732 2227 4079 2302 liberant?

970 2360 1196 2433 Most.
1257 2363 1488 2452 575†:
1549 2356 1740 2451 Quin
1797 2359 1962 2431 mihi
2023 2359 2281 2432 faenus
2338 2360 2801 2455 redditur?³⁰)

759 2495 986 2567 Stich.
1055 2512 1230 2586 137:
1289 2492 1485 2585 Quid
1542 2490 1703 2566 illos
1761 2496 2233 2589 exspectatiS‚
2295 2495 2413 2590 qui
2471 2495 2728 2567 abhinc
2782 2496 2923 2568 iam
2979 2498 3311 2569 abierunt
3368 2498 3784 2570 triennium?

961 2686 964 2689 .
1022 2628 1216 2721 Quin
1251 2653 1389 2701 vos
1445 2626 1702 2723 capitis
1765 2627 2261 2702 conditionem
2318 2656 2411 2701 ex
2468 2655 2812 2726 pessuma
2867 2632 3331 2726 primariam?

750 2766 942 2838 Men.
1016 2786 1240 2838 1000:
1299 2762 1489 2856 Quin
1545 2789 1660 2835 me
1701 2764 2026 2838 mittitis?

751 2903 974 2974 Merc.
1036 2923 1219 2994 932:
1273 2899 1464 3000 Quin
1519 2901 1760 2996 pedes
1814 2926 1954 2973 vos
2011 2901 2078 2974 in
2138 2901 2569 2972 curriculum
2626 2901 2898 2974 coicitis

1278 3037 1352 3108 In
1409 3035 1730 3133 Cyprum
1767 3045 1993 3110 'recta
2051 3093 2375 3111 .....
2437 3035 2466 3107 ?

750 3173 924 3246 Cas,
987 3177 1178 3265 633:
1231 3171 1423 3265 Quin
1479 3170 1740 3266 agitis?
1795 3171 2020 3245 hodie
2080 3172 2251 3267 quin
2310 3173 2526 3266 datis,
2586 3175 2647 3247 si
2700 3173 2869 3269 quid
2929 3173 3213 3278 datis?x

749 3307 950 3381 Trin.
1014 3315 1196 3399 360:
1250 3305 1446 3399 Quin
1495 3305 1842 3393 comedit:
1899 3306 2101 3403 quod
2160 3307 2313 3394 suit,
2372 3311 2575 3402 quod
2630 3335 2777 3380 non
2836 3309 3003 3380 fuit?

750 3443 1013 3516 Pseud.
1075 3463 1263 3534 501:
1322 3443 1622 3526 scibam,
1683 3442 1855 3535 quin
1911 3441 2255 3514 dictumst
2308 3437 2521 3514 mihi?

751 3579 926 3651 Cas,
990 3580 1170 3650 820:
1230 3574 1422 3670 Quin
1474 3577 1546 3649 id
1600 3575 1752 3649 fieri
1808 3601 1953 3649 non
2007 3575 2305 3671 potest?

750 3712 951 3789 Trin.
1016 3737 1197 3804 291:
1259 3711 1452 3806 Quin
1507 3713 1704 3808 prius
1757 3738 1872 3784 me
1926 3712 2022 3783 ad
2078 3713 2301 3808 pluris
2354 3714 2777 3808 penetravi?

749 3849 980 3922 Mere.
1053 3871 1238 3939 190:
1292 3847 1508 3941 Quin,
1567 3844 1908 3930 sceleste,
1967 3872 2130 3918 eam
2185 3847 2701 3932 abstrudebaS‚
2760 3873 2849 3919 ne
2906 3873 3069 3918 eam
3126 3847 3587 3942 conspiceret
3638 3846 3895 3942 pater?

776 4012 851 4111 b)
964 4011 1316 4084 Particula
1373 4011 1544 4106 quin
1597 4035 1758 4081 cum
1829 4009 2256 4106 imperativo
2321 4011 2485 4105 ipso
2540 4011 3009 4102 coniungitur,
3051 4034 3225 4103 :qua
3279 4010 3347 4081 in
3406 4027 3761 4084 structura
3819 4030 3893 4084 et
3952 4013 4169 4106 impe-

961 4145 1239 4219 rativus
1298 4163 1374 4218 et
1427 4145 1782 4240 particula
1840 4146 1946 4216 sui
1999 4145 2168 4217 iuris
2256 4163 2389 4216 est.
2532 4145 2700 4216 Hoc
2754 4144 3148 4237 particulae
3235 4145 3399 4239 quin
3459 4144 3733 4218 idioma
3816 4171 3959 4217 non
4042 4147 4173 4216 nisi

732 4525 806 4606 ²⁷)
851 4519 1127 4584 Codices
1173 4519 1510 4586 exhibent:
1557 4518 1709 4600 quid
1757 4519 1882 4580 hic
1929 4537 2095 4580 nunc
2139 4517 2312 4579 stas?
2414 4517 2543 4580 Sed
2606 4529 2777 4580 recte
2838 4519 3218 4581 Ritschelius
3266 4519 3415 4579 illud
3470 4517 3647 4578 »hic«
3700 4519 3955 4580 omittit.
4008 4519 4173 4580 Nam

857 4658 940 4700 ex
987 4657 1105 4698 usu
1147 4635 1439 4699 Plautino
1486 4635 1711 4709 elucet,
1782 4636 1843 4697 in
1899 4635 2215 4697 eiusmodi
2287 4633 2620 4696 structuris
2689 4653 2943 4715 semper
3012 4635 3161 4696 illud
3232 4635 3333 4694 hic
3382 4634 3627 4708 omitti;
3690 4631 3766 4698 cf.
3816 4633 3971 4695 Trin
4022 4637 4171 4698 802.

856 4753 1051 4816 Merc.
1107 4755 1247 4831 582.
1339 4753 1470 4819 Mil.
1529 4754 1711 4832 1387.
1802 4749 1985 4815 Cure.
2037 4763 2180 4829 251.

736 4897 811 4982 ¹⁸)
857 4895 964 4960 Sic
1010 4905 1185 4961 recte
1227 4897 1479 4981 scripsit
1521 4895 1907 4978 GeppertuS.

739 5043 818 5125 ²⁹)
863 5039 1069 5104 Codd.
1121 5041 1468 5104 concinunt
1516 5041 1578 5104 in
1623 5042 1934 5104 lectione:
1984 5037 2112 5101 Cui·
2159 5059 2307 5110 non,
2358 5056 2550 5120 quam
2598 5037 2961 5119 Geppertus
3010 5049 3180 5101 recte
3229 5046 3436 5100 mutat
3484 5038 3576 5097 in:
3625 5035 3797 5115 quin.

733 5188 808 5269 ³⁰)
853 5183 1237 5248 Coniectura
1285 5194 1386 5248 est
1431 5184 1794 5260 Ritschelii;
1859 5185 1920 5245 in
1967 5182 2267 5244 Palatinis
2314 5183 2511 5242 modo
2580 5181 2822 5242 »ditur«
2885 5190 2980 5243 est
3024 5191 3381 5254 servatum:
3461 5179 3535 5241 cf.
3602 5177 3843 5240 Ritsch.
3916 5177 4171 5258 Par-erg.

859 5323 921 5387 P·
971 5317 1098 5381 493
1149 5321 1245 5384 sq·
