4409 5675
2064 379 2148 443 29

553 574 752 649 Trin.
794 596 985 667 533:
1043 574 1310 670 Neque
1367 598 1689 668 unquam
1745 572 2221 669 quisquamst,
2282 573 2537 667 quoius
2595 568 2710 644 ille
2766 596 2952 669 ager
3010 571 3156 655 fuit,

1025 707 1224 799 Quin
1281 734 1628 803 pessume
1687 707 1753 779 ei
1811 732 1932 779 res
1962 706 2289 779 vorterit.

463 896 470 903 ·
547 870 769 941 Stich.
833 874 1018 941 208:
1076 871 1266 942 Nam
1325 870 1657 941 curiosus
1713 884 2020 952 nemost,
2081 869 2249 963 quin
2308 869 2401 940 sit
2450 865 2873 941 malevolus,

552 1004 756 1078 Pers,
817 1025 959 1095 55:
1022 1004 1210 1075 Nam
1266 1028 1652 1099 numquam
1711 1002 2096 1097 quisquam
2153 985 2487 1077 meorum
2540 1002 2895 1073 maiorum
2948 1000 3097 1089 fuit,

1019 1136 1217 1229 Quin
1269 1138 1746 1232 parasitando
1803 1136 2137 1231 paverint
2192 1137 2470 1208 ventris
2528 1160 2726 1208 suos

541 1270 772 1343 Merc.
835 1277 1020 1363 362:
1079 1272 1244 1343 Nec‘
1299 1295 1615 1358 sacrum,
1691 1294 1830 1342 nec
1916 1285 2062 1341 tam
2134 1269 2517 1365 profanum
2586 1270 3063 1365 quicquamst,
3139 1268 3315 1364 quin
3379 1266 3477 1340 ibi
3532 1266 3700 1340 ilico
3776 1263 3985 1337 adsit.

547 1404 726 1476 Cist.
789 1406 831 1475 Ι.
906 1429 958 1475 1.
1033 1426 1154 1497 17:
1220 1405 1379 1475 Nec
1435 1404 1572 1477 nisi
1625 1400 2008 1497 disciplina
2064 1405 2267 1497 apud
2304 1417 2379 1476 te
2434 1404 2563 1477 fuit
2618 1403 3024 1499 quicquam.

1233 1538 1358 1627 Ibi,
1419 1539 1594 1633 quin
1649 1538 1811 1611 mihi
1869 1536 2223 1631 placeret.

545 1699 722 1792 Quo
772 1701 920 1773 hae
981 1724 1281 1795 quoque
1338 1716 1742 1772 structurae
1803 1702 2197 1795 pertinent:

538 1836 737 1906 Pers,
807 1854 988 1925 270:
1051 1834 1170 1906 Nil
1223 1834 1368 1905 iam
1419 1834 1588 1905 mihi
1643 1835 1810 1905 novi

865 1966 1139 2040 Offerri
1193 1982 1398 2062 pote,
1461 1967 1637 2061 quin
1691 1968 1824 2039 sim
1885 1969 2179 2062 peritus.

549 2101 814 2196 Amph.
881 2103 1068 2193 238:
1131 2101 1372 2173 Nemo
1431 2102 1888 2172 convortitur

869 2234 1034 2306 Nec
1092 2232 1376 2306 recedit
1429 2236 1597 2305 loco
1653 2236 1822 2329 quin
1881 2236 2122 2307 statim
2179 2261 2331 2307 rem
2384 2252 2621 2331 gerat.

548 2370 780 2441 Most.
837 2392 1038 2459 329:
1095 2368 1280 2441 Non
1331 2368 1561 2442 cades
1619 2370 1786 2463 quin
1847 2368 2113 2441 cadam
2169 2384 2425 2443 tecum.

857 2509 1048 2592 146:
1115 2503 1282 2576 Non
1337 2502 1613 2576 videor
1666 2504 1830 2575 mihi

1072 2637 1367 2709 Sarcire
1425 2662 1656 2732 posse
1714 2638 1921 2709 aedis
1979 2662 2210 2725 meas,
2272 2637 2443 2732 quin
2494 2651 2701 2709 totae
2758 2652 3169 2731 perpetuae
3225 2652 3457 2707 ruant.

546 2770 742 2842 Pers.
808 2776 992 2864 365:
1055 2770 1290 2866 Virgo
1351 2790 1571 2868 atque
1628 2768 1879 2844 mulier
1933 2768 2122 2844 nulla
2177 2770 2335 2860 erit,
2396 2770 2567 2866 quin
2624 2770 2718 2844 sit
2772 2768 2990 2843 mala.

818 2911 1006 2997 367:
1067 2905 1351 2978 Eadem
1407 2904 1768 3000 leguntur.

543 3039 758 3111 Truc.
813 3039 906 3128 V,
975 3060 1057 3130 15
1101 3074 1114 3112 ;
1228 3039 1644 3133 Numquam
1699 3064 1841 3110 uno
1898 3039 2036 3112 hoc
2103 3039 2224 3111 die
2292 3039 2659 3111 ecficiatur
2727 3064 2931 3135 opuS,
3002 3041 3172 3134 quin
3228 3063 3421 3134 opus
3478 3063 3775 3134 semper
3828 3037 3990 3110 siet.

546 3203 711 3273 Huc
770 3225 1073 3296 quoque
1131 3215 1479 3295 spectant
1535 3201 1683 3271 duo
1745 3199 2104 3296 exempla,
2157 3201 2230 3272 in
2288 3201 2547 3296 quibus
2600 3201 2904 3274 verbum
2959 3200 3481 3295 praetereundi
3538 3201 3993 3272 coniunctum

231 3350 340 3406 est
391 3359 557 3407 cum
609 3334 968 3430 particula
1019 3335 1212 3430 quin.

554 3495 773 3590 Epid.
836 3520 1018 3585 422:
1082 3497 1292 3568 Cave
1352 3497 1850 3594 praeterbitas
1905 3496 2085 3570 ullas
2144 3498 2373 3569 sedes
2429 3496 2598 3590 quin
2655 3520 2903 3592 roges,

555 3628 718 3701 Aul.
775 3651 962 3722 470:
1015 3629 1170 3723 Jam
1223 3631 1417 3702 hunc
1471 3653 1621 3701 non
1679 3631 1907 3702 ausim
1961 3629 2369 3726 praeterire
2425 3629 2595 3725 quin
2649 3629 3043 3704 consistam
3097 3655 3184 3702 ac
3241 3629 3665 3726 conloquar.

551 3763 767 3835 'I'ruc.
821 3761 940 3848 1V,
1003 3787 1068 3852 4.
1115 3771 1244 3835 16:
1295 3763 1649 3836 Aetatem
1710 3765 1833 3859 qui
1889 3764 2005 3836 uni
2062 3765 2271 3837 cubili
2328 3787 2719 3858 numquam
2775 3764 3158 3837 committit
3213 3789 3444 3850 suam,

1293 3896 1505 3990 Quin,
1563 3899 1624 3970 si
1678 3923 1890 3970 unum
1946 3900 2211 3971 ostium
2269 3899 2721 3982 obsideatur,
2782 3896 2976 3970 aliud
3030 3899 3443 3995 perfugium
3497 3901 3827 3993 petat.⁶⁹)

553 4059 622 4150 c)
683 4058 971 4131 Eodem
1053 4075 1202 4130 tum
1274 4074 1617 4154 spectant
1697 4061 2141 4137 locutiones:
2232 4085 2375 4133 non
2430 4060 2611 4143 sin0,
2692 4084 2843 4132 non
2922 4060 3166 4155 patior
3249 4059 3442 4154 quin,
3530 4056 3995 4154 similesque3

245 4191 392 4264 sine
420 4194 642 4264 dubio
703 4194 1019 4265 eundem
1073 4194 1139 4264 in
1172 4193 1466 4266 modum
1524 4192 2008 4288 explicandae
2065 4209 2253 4282 sunt,
2311 4217 2461 4289 quo
2519 4191 2687 4264 illae
2748 4193 3281 4265 enuntiationes
3336 4195 3472 4264 sub
3500 4194 3549 4264 b
3598 4207 3995 4278 tractatae;

239 4327 427 4398 velut
481 4325 694 4398 Cure.
759 4329 904 4398 208
967 4347 1115 4420 sq.:

552 4485 660 4558 Ita
715 4511 835 4558 me
889 4487 1138 4558 Venus
1193 4502 1414 4573 amet,
1471 4503 1550 4558 ut
1607 4513 1759 4580 ego
1815 4503 1888 4559 te
1943 4491 2080 4562 hoc
2138 4489 2452 4562 triduom
2504 4514 2897 4584 numquam
2953 4489 3185 4561 sinam

556 4619 630 4691 In
685 4619 908 4692 domo
952 4645 1126 4692 esse
1183 4621 1382 4704 istac,
1443 4621 1612 4717 quin
1671 4647 1816 4718 ego
1875 4637 1948 4694 te
2003 4622 2381 4696 liberalem
2432 4622 2759 4697 liberem.

547 4780 669 4852 Sic
723 4781 910 4854 enim
967 4779 1412 4854 dissolvam:
1525 4782 1664 4854 Nie
1721 4780 1856 4854 will
1913 4783 2030 4854 ich
2085 4811 2166 4856 es
2254 4785 2621 4878 zugeben,
2690 4783 2869 4857 dass
2938 4785 3034 4855 du
3108 4800 3247 4857 ete.
3359 4784 3525 4857 Wie
3596 4781 3815 4857 sollte
3884 4783 3998 4856 ich

245 4909 404 4983 dich
459 4913 654 4986 nicht
712 4913 845 4986 frei
901 4915 1260 4987 macheu?
1315 4915 1424 4986 En
1477 4931 1733 4988 cetera
1787 4913 2159 5011 exempla:

596 5137 1080 5144 -——-—--———-—-

534 5281 609 5368 ⁶⁹)
652 5283 761 5348 Sic
809 5285 1194 5367 Spengelius
1239 5285 1543 5348 Bothium
1591 5295 1866 5349 secutuS.
