4409 5675
760 597 945 662 661:
1005 566 1196 683 Quin
1254 594 1483 665 tradis
1537 594 1680 667 huc
1731 596 2124 667 cruminam
2189 620 2392 667 erum
2449 596 2906 691 pressatum?

765 728 954 798 868:
1013 726 1207 819 Quin
1265 746 1342 801 tu
1398 727 1588 801 illum
1644 731 1853 802 iubes
1911 729 2208 803 ancillas
2264 756 2529 827 rapere
2590 728 2976 803 sublimem
3034 728 3335 801 domum
3392 774 3494 783 —-
3552 729 3581 799 ?

549 862 775 935 Merc.
849 884 1025 953 174:
1085 863 1276 956 Quin
1335 882 1410 935 tu
1470 865 1820 960 expedis?
1880 874 2067 955 609:
2129 865 2323 957 Quin
2379 884 2454 937 tu
2511 862 2681 937 illud
2738 865 2981 962 potius
3038 864 3320 936 nuntias
3380 864 3585 961 quod
3640 864 3926 937 nescis?

819 1050 1000 1116 494:
1059 1021 1253 1117 Quin
1308 1026 1558 1099 taces?
1617 1036 1798 1121 671:
1854 1028 2044 1120 Quin
2100 1029 2160 1100 is
2222 1030 2467 1101 ocius?
2529 1049 2707 1119 724:
2765 1028 2961 1121 Quin
3017 1028 3245 1100 dicis?

823 1180 1004 1254 773:
1063 1161 1301 1253 Quein
1359 1162 1607 1234 abeis?
1670 1166 1854 1255 778:
1911 1163 2104 1255 Quin
2162 1163 2371 1235 abis?
2434 1166 2621 1254 894:
2680 1162 2869 1255 Quin
2926 1177 3426 1247 commostraS‚
3484 1164 3545 1235 si
3606 1162 3861 1235 vides?

819 1320 1006 1387 914:
1064 1297 1224 1369 Sed
1281 1298 1446 1394 quin
1504 1298 1688 1369 intro
1749 1298 1950 1369 ducis
2013 1325 2127 1371 me
2183 1300 2281 1371 ad
2339 1324 2501 1371 eam
2554 1315 2634 1371 ut
2687 1296 3037 1370 videam?

817 1456 1006 1521 942:
1069 1432 1261 1523 Quin
1318 1450 1394 1504 tu
1448 1432 1628 1505 istas
1685 1433 1954 1505 omittis
2015 1459 2299 1532 naugas
2358 1458 2443 1506 ac
2500 1459 2785 1505 mecum
2842 1433 2975 1505 huc
3031 1433 3220 1505 intro
3280 1430 3659 1505 ambulas?

815 1588 998 1658 951:
1053 1566 1406 1640 Medicari
1460 1568 1727 1641 amicus
1786 1569 1953 1663 quin
1992 1593 2359 1664 properas
2414 1568 2631 1640 mihi?

550 1728 759 1825 Epid.
819 1736 1002 1823 465:
1061 1730 1251 1822 Quin
1307 1746 1381 1803 tu
1436 1730 1793 1804 fidicinam
1849 1732 2046 1804 Intus
2101 1732 2411 1828 produci
2466 1730 2717 1805 iubes?

550 1863 774 1937 TruC.
833 1864 939 1936 ΙΙΙ.
1003 1890 1063 1937 2.
1129 1892 1250 1937 22:
1308 1866 1499 1959 Quin
1557 1885 1634 1940 tu
1689 1868 2125 1940 arrabonem
2183 1866 2405 1940 dicis?
2459 1868 2685 1940 Poen.
2750 1871 2939 1960 362:
2997 1864 3187 1959 Quin
3246 1866 3448 1939 abire
3504 1864 3722 1938 sinis?

551 1998 772 2074 Poen.
841 2022 1032 2092 599:
1091 2000 1280 2093 Quin
1339 2002 1534 2074 abis?
1590 2001 1758 2074 Cas,
1829 2026 1950 2073 11:
2013 2001 2204 2094 Quin
2259 2000 2400 2075 ruri
2457 2027 2541 2075 es
2596 2002 2663 2073 in
2718 2000 3183 2097 praefectura
3239 2003 3405 2073 tua?

551 2134 722 2210 Cas,
799 2160 926 2209 12:
987 2135 1180 2229 Quin
1234 2138 1498 2232 potiuS,
1554 2136 1753 2233 quod
1809 2136 2135 2235 legatum
2192 2154 2314 2210 est
2368 2137 2497 2210 tibi
2551 2134 2943 2232 negotium,

973 2273 1052 2344 Id
1105 2299 1314 2345 curas
1372 2288 1592 2370 atque
1647 2274 1938 2345 urbanis
1997 2274 2218 2346 rebus
2274 2291 2350 2345 te
2408 2273 2787 2345 abstines?

830 2410 1005 2479 181:
1064 2409 1273 2502 Quin,
1334 2409 1395 2482 si
1447 2410 1550 2481 ita
1605 2409 1978 2492 arbitrare,
2037 2410 2303 2482 emittis
2359 2436 2479 2484 me
2538 2408 2785 2481 manu?

828 2562 1010 2634 754:
1069 2543 1258 2635 Quin
1317 2560 1390 2615 tu
1445 2545 1745 2640 pergis?

555 2676 769 2773 Epid.
842 2700 1026 2771 295:
1087 2679 1284 2772 Quin
1340 2696 1418 2751 tu
1467 2680 1527 2753 is
1584 2681 1774 2752 intro
1834 2700 2058 2776 atque
2115 2682 2280 2754 huic
2338 2696 2722 2779 argentum
2774 2677 3102 2775 promis?

820 2816 1004 2904 468:
1059 2814 1251 2908 Quin
1308 2832 1382 2888 tu
1437 2816 1581 2888 huc
1637 2817 1983 2912 producis
2038 2816 2411 2890 fidicinam
2468 2812 3131 2912 Acropolistidem?

825 2955 1008 3021 600:
1067 2949 1258 3044 Quin
1313 2965 1388 3022 tu
1442 2952 1533 3024 mi
1591 2953 1911 3024 adornas
1971 2951 2066 3023 ad
2125 2953 2372 3047 fugam
2426 2951 2763 3024 viaticum

1077 3085 1500 3183 Priusquam
1555 3085 1838 3182 pereo?
1895 3087 2065 3160 Cas.
2128 3109 2313 3179 495:
2370 3085 2564 3178 Quin
2618 3103 2696 3158 tu
2752 3083 3145 3181 suspendis
3199 3082 3320 3156 te?

555 3221 774 3294 Poen.
834 3227 1021 3315 362:
1083 3222 1275 3315 Quin
1330 3222 1456 3294 tibi
1512 3222 1634 3319 qui
1685 3222 1874 3294 bene
1929 3223 2197 3304 volunt,
2256 3223 2451 3294 bene
2503 3222 2616 3294 vis
2669 3221 2841 3294 item
2864 3219 2986 3318 ?2⁵)

555 3385 950 3459 Praeterea
1006 3387 1145 3458 huc
1197 3401 1536 3482 spectant
1608 3389 1964 3482 exempla,
2037 3388 2110 3459 in
2177 3385 2436 3482 quibus
2496 3384 3149 3480 quin-enuntiatum
3225 3382 3689 3480 praegressis
3740 3405 3977 3478 oppo-

241 3523 438 3595 nitur.
550 3521 737 3594 Tum
791 3521 904 3593 hic
962 3523 1482 3595 sententiarum
1537 3545 1910 3593 connexus
1967 3521 2256 3594 evadit:
2330 3521 2405 3594 In
2461 3521 2930 3619 praegressis
2983 3519 3174 3594 enim
3230 3532 3479 3591 orator
3532 3516 3843 3613 positive
3901 3533 3979 3589 ut

240 3656 336 3728 ita
387 3657 626 3728 dicam
681 3656 995 3754 aliquem
1050 3658 1147 3730 de
1203 3655 1441 3754 aliqua
1496 3683 1576 3729 re
1636 3657 2110 3752 reprehendit
2167 3673 2392 3752 atque
2450 3656 2720 3730 deinde
2775 3657 2844 3729 in
2920 3653 3493 3753 quin-enuntiato
3560 3652 3981 3724 cohortatur

240 3811 461 3888 atque
515 3793 924 3892 interrogat
976 3818 1100 3865 cur
1154 3819 1298 3864 non
1353 3793 1590 3888 potius
1647 3793 2044 3889 quidquam
2109 3791 2366 3865 melius
2437 3790 2693 3881 faciat3
2766 3792 2965 3864 velut
3027 3789 3227 3862 Trin.
3299 3791 3479 3860 862:
3537 3786 3737 3882 Quid
3790 3812 3977 3860 nunc

241 3927 439 4000 stas?
495 3927 661 4025 quin
718 3945 794 4002 tu
848 3929 1011 4002 hinc
1065 3945 1139 4002 te
1195 3953 1495 4001 amoves
1556 3945 1631 4000 et
1685 3943 1756 4000 te
1814 3928 2115 4001 moves?

557 4093 665 4165 En
723 4091 1096 4189 exempla:
1141 4091 1346 4167 Asin.
1412 4111 1594 4185 597:
1651 4092 1824 4184 Quo
1885 4117 2070 4166 nunc
2131 4092 2333 4165 abis?
2390 4093 2561 4187 quin
2618 4111 2693 4164 tu
2746 4093 2868 4165 hic
2922 4088 3226 4164 manes?

1138 4257 1355 4330 Poen.
1412 4267 1594 4347 961:
1657 4255 1853 4349 Quid
1910 4272 1986 4328 tu
2043 4256 2208 4329 mihi
2264 4254 2525 4329 testis?
2581 4255 2750 4352 quin
2805 4272 2883 4327 tu
2938 4251 3205 4326 insistis
3262 4249 3593 4325 fortiter?

1140 4417 1337 4493 Trin.
1401 4443 1590 4512 500:
1652 4419 1849 4513 Quid
1905 4419 2170 4494 taces?
2205 4465 2309 4474 —
2365 4463 2469 4475 ——
2534 4461 2622 4473 -
2684 4461 2785 4472 --
2850 4415 3045 4510 Quin
3099 4413 3427 4489 fabulare
3482 4457 3584 4468 -—-
3641 4459 3745 4468 —
3803 4412 3975 4484 -—?

1137 4584 1330 4656 Men.
1389 4592 1577 4656 660:
1634 4581 1830 4676 Quid
1887 4581 2138 4656 taces?
2196 4583 2367 4679 quin
2422 4580 2606 4655 dicis
2662 4580 2837 4678 quid
2891 4577 3033 4652 sit?
3954 4558 3959 4562 ⁴

1140 4747 1332 4820 Men.
1405 4772 1632 4838 1114:
1685 4746 1882 4841 Quid
1938 4744 2260 4819 clamas?
2318 4744 2488 4842 quin
2539 4742 2794 4818 taces?

1143 4909 1290 4983 Mil.
1352 4921 1537 5000 446:
1597 4909 1816 5001 Quid,
1873 4907 2160 4996 malum,
2221 4907 2466 4980 astas?
2523 4909 2691 5003 quin
2747 4923 2963 4980 tenes
3016 4900 3579 4996 altrinsecus?²⁶)

543 5231 623 5312 ²⁵)
671 5229 780 5294 Sic
827 5227 1195 5313 Geppertus
1241 5231 1530 5292 codicem
1579 5229 1642 5290 A
1689 5235 1968 5292 secutus,

549 5345 626 5430 ²⁶)
670 5350 885 5410 Tenes
929 5347 1306 5409 altrinsecus
1349 5367 1478 5408 non
1523 5354 1624 5406 est
1667 5343 2050 5406 mutandum
2098 5343 2162 5403 in
2205 5343 2439 5404 retines
2486 5339 2859 5405 altrinsecus
2904 5345 2981 5402 cst.
3032 5337 3262 5402 Pseud.
3313 5335 3462 5408 266,
