4409 5675
2144 330 2221 393 Ι9

603 520 804 593 Asin.
866 524 1052 595 680:
1108 521 1304 615 Quin
1363 524 1460 595 ad
1515 525 1726 611 hunc,
1785 526 2202 611 Philenium,
2258 526 2776 623 adgredimur?

634 688 706 754 e*
822 681 957 756 Illis
1013 686 1080 757 in
1143 685 1494 780 exemplis
1555 686 1908 782 particula
1955 690 2126 783 quin
2184 690 2253 759 in
2308 688 3005 785 interrogationibus
3062 688 3311 783 posita.
3360 684 3829 785 intellegitur3
3912 688 4053 761 sed

274 832 670 911 praeterea
720 821 1016 913 saepius
1059 838 1448 915 usurpatur
1485 824 1552 893 in
1610 822 2217 895 enuntiationibus
2268 821 2731 909 affirmativiS,
2797 820 3002 895 velut
3038 820 3213 893 Cas,
3260 823 3440 893 182:
3500 821 3693 913 Quin
3729 820 3808 895 id
3840 818 4043 895 volo,

595 978 780 1051 Tale
852 982 1299 1054 enuntiatum
1379 986 1481 1055 sic
1550 1002 1669 1056 est
1737 983 2284 1079 explicandum:
2366 986 2531 1058 Wie
2594 982 2793 1057 wohl
2856 983 3105 1055 nicht?
3228 981 3395 1053 Das
3448 978 3591 1055 will
3647 981 3768 1055 ich
3826 980 4043 1056 auch!

273 1138 465 1206 ergo
518 1124 1066 1209 παρατακτικιῠς
1123 1144 1206 1189 se
1259 1116 1507 1191 habet.
1618 1119 1691 1190 In
1749 1119 2107 1191 eiusmodi
2174 1120 2555 1193 sententiis
2618 1114 3045 1211 Holtzius³³)
3118 1115 3347 1189 docet
3400 1114 3573 1210 quin
3620 1112 4048 1211 particulam

281 1246 396 1316 »in
465 1247 892 1319 intensivam
967 1249 1581 1345 significationem
1651 1278 1734 1323 se
1809 1254 2275 1325 convertisse
2350 1271 2427 1325 et
2510 1252 2919 1349 significare
2996 1249 3153 1323 fere
3218 1249 3419 1320 idem
3469 1249 3686 1343 quod
3740 1248 4029 1321 »adeo«

269 1404 468 1473 quae
553 1382 989 1475 significatio
1083 1409 1178 1454 ex
1229 1402 1606 1457 contracta
1667 1386 2024 1458 orationis
2109 1388 2343 1459 forma
2397 1384 2837 1480 explicanda
2900 1384 3065 1457 sit«.
3178 1380 3299 1454 Ac
3352 1406 3433 1453 re
3488 1406 3673 1455 vera
3719 1383 4033 1478 plerum-

271 1538 417 1607 que
473 1512 648 1585 illud
707 1518 874 1610 quin
925 1535 1219 1591 vertere
1280 1518 1637 1591 solemus:
1704 1520 2014 1617 »Sogazz
2076 1520 2502 1592 Fijrwahrc.

592 1677 749 1749 Sed
824 1678 1258 1775 significatio
1342 1680 1704 1774 primitiva
1775 1683 1843 1754 in
1919 1682 2025 1754 his
2095 1707 2402 1778 quoque
2484 1676 3305 1776 quin-enuntiationibus
3373 1677 3531 1749 sine
3602 1676 3827 1749 dubio
3902 1690 4021 1750 est

275 1809 487 1881 »Wie
545 1810 730 1883 wohl
787 1812 1062 1885 nicht?»

594 1948 809 2020 Haec
863 1948 1208 2044 exempla
1263 1949 1462 2043 apud
1517 1948 1844 2022 Plautum
1902 1950 2393 2022 inveniuntur:

275 2084 392 2171 aa)
457 2078 651 2171 Quin
709 2106 868 2152 cum
924 2084 1300 2176 praesenti
1355 2083 1854 2155 coniunctum:

339 2216 410 2307 α)
477 2239 636 2287 cum
691 2214 1053 2288 indicativi
1104 2216 1487 2314 singularis
1541 2219 1570 2289 Ι
1623 2242 1974 2313 persona.

589 2349 814 2421 Merc.
879 2346 1066 2441 764:
1133 2352 1322 2443 Quin
1378 2377 1601 2446 nege.

587 2510 764 2584 Cist.
825 2510 870 2582 I.
939 2537 1000 2590 2.
1066 2514 1384 2606 4—7:†)
1447 2513 1644 2607 Quin
1702 2539 1848 2609 ego
1905 2538 2092 2585 nunc
2150 2568 2773 2584 .........
2834 2506 3127 2579 Tacere
3184 2502 3596 2599 neque0.³⁴)

589 2647 814 2717 Mese.
875 2652 1061 2736 461:
1119 2648 1313 2740 Quin
1368 2648 1466 2720 ad
1519 2674 1777 2720 navem
1833 2648 1974 2720 iam
2024 2647 2189 2719 hinc
2250 2669 2365 2717 eo.
2424 2688 2523 2698 ——
2587 2667 2765 2736 322:
2821 2639 3012 2731 Quin
3067 2662 3216 2710 non
3270 2636 3603 2733 obiurg0.

587 2780 780 2852 Trin.
841 2804 1025 2872 932:
1101 2781 1296 2874 Quin
1354 2782 1688 2878 discupio
1745 2782 2013 2854 dicere.
2047 2825 2147 2834 —-
2193 2781 2424 2869 1148:
2513 2776 2709 2870 Quin
2770 2770 3138 2846 conlaudo
3207 2767 3581 2844 consilium
3636 2786 3713 2843 et
3763 2770 4027 2867 probo,

589 2914 778 2986 Men.
838 2924 1022 3008 634:
1086 2915 1279 3008 Quin
1333 2933 1410 2987 ut
1464 2917 1732 2989 dudum
1793 2915 2080 2988 devorti
2137 2914 2272 2985 abs
2328 2930 2405 2986 te
2464 2914 2717 2984 redeo,

828 3053 1011 3138 687:
1072 3050 1268 3142 Quin
1322 3052 1448 3122 tibi
1504 3050 1670 3122 dico
1723 3074 2031 3122 uxorem
2085 3046 2495 3119 rescivisse.
2564 3087 2666 3098 —-
2751 3044 2941 3130 892:
3018 3037 3215 3132 Quin
3270 3062 3366 3109 ea
3420 3052 3497 3109 te
3552 3059 3784 3109 causa
3834 3034 4035 3108 duco

591 3208 731 3282 Mil.
795 3233 981 3302 521:
1041 3212 1388 3284 Licetne?
1448 3213 1614 3307 quin
1672 3229 1746 3284 te
1802 3212 2050 3283 iube0.
2113 3252 2211 3264 —-
2283 3231 2507 3300 1333:
2570 3204 2767 3297 Quin
2820 3199 3013 3275 malo
3070 3201 3463 3274 abscedas,

597 3345 858 3416 Pseud.
900 3351 1090 3437 560:
1127 3347 1317 3437 Quin
1360 3346 1488 3417 tibi
1525 3347 1715 3417 hanc
1755 3369 2059 3442 operam
2101 3344 2298 3415 dico,
2342 3386 2442 3396 —
2480 3341 2709 3412 Merc.
2777 3356 2968 3428 7241
3027 3333 3245 3428 Quin,
3300 3333 3361 3405 si
3412 3332 3632 3405 liceat
3662 3329 3794 3414 (sc.
3826 3331 4041 3426 dico.)

595 3479 862 3551 Bacch.
927 3486 1112 3570 469:
1179 3480 1372 3572 Quin
1428 3505 1600 3574 eg0‚
1658 3506 1879 3575 quom
1933 3479 2242 3573 peribat,
2294 3476 2465 3562 vidi,
2526 3498 2669 3545 non
2729 3497 2821 3542 ex
2874 3468 3129 3542 audito
3183 3490 3443 3560 argu0.

610 3617 840 3703 1138:
906 3613 1100 3705 Quin
1156 3632 1406 3686 aetate
1467 3615 1697 3684 credo
1757 3639 1928 3684 esse
1984 3627 2247 3683 mutas.
2306 3653 2409 3664 —-
2463 3608 2683 3678 Most.
2744 3627 2931 3697 599:
2996 3601 3189 3693 Quin
3246 3625 3411 3673 eam
3470 3622 3622 3670 non
3676 3611 3883 3692 pet0.

593 3746 791 3830 Pers,
853 3749 1039 3838 485:
1097 3749 1290 3840 Quin
1348 3749 1472 3820 tibi
1530 3772 1644 3820 me
1704 3747 1873 3818 dico
1929 3747 2261 3817 credere.
2318 3787 2421 3796 —
2479 3738 2685 3812 Asin.
2752 3760 2922 3830 321.
2978 3777 3079 3789 --

595 3879 812 3974 Capt.
874 3886 1058 3972 643:
1124 3881 1314 3973 Quin
1369 3884 1822 3976 exploratum
1886 3880 2053 3950 dico
2113 3893 2189 3949 et
2243 3874 2612 3971 provisum
2669 3872 2821 3943 hoc
2874 3869 3023 3942 tibi.

592 4013 856 4108 Amph.
919 4037 1100 4106 359:
1161 4015 1357 4108 Quin
1415 4041 1532 4087 me
1588 4039 1759 4086 esse
1815 4014 2019 4085 huius
2078 4011 2367 4082 familiai
2420 4004 2848 4081 familiarem
2904 4001 3277 4099 praedico.

593 4148 794 4220 Asin.
864 4174 887 4220 1
917 4173 1036 4239 14:
1095 4150 1285 4242 Quin
1344 4165 1415 4220 te
1478 4173 1778 4244 quoque
1835 4149 2070 4241 ipsum
2126 4145 2315 4217 facio
2368 4143 2515 4215 hau
2568 4138 2838 4236 magni.

591 4282 765 4357 CaS.
837 4307 1018 4356 210:
1075 4284 1290 4376 Quin,
1352 4285 1412 4355 si
1466 4300 1542 4354 tu
1595 4279 1776 4354 nolis
1831 4281 2163 4374 filiusque
2219 4278 2441 4350 etiam
2502 4292 2689 4362 tu05‚

1121 4418 1357 4490 Vobis
1411 4418 1642 4489 invitis
1699 4433 1923 4511 atque
1981 4415 2367 4486 amborum
2420 4408 2747 4506 ingratiis

1120 4552 1288 4624 Una
1341 4550 1582 4624 libella
1635 4551 1819 4624 liber
1873 4574 2172 4645 possum
2232 4545 2406 4620 fieri.

591 4687 766 4760 Cist.
825 4685 902 4756 ΙΙ.
975 4711 1032 4759 1.
1093 4707 1225 4775 42:
1288 4685 1484 4777 Quin
1538 4710 1689 4781 ego
1746 4699 2208 4755 commentor
2260 4677 2576 4779 quidem.

420 4881 499 4888 ——0—
512 4883 551 4888 —
576 4883 704 4890 .-.-—-
720 4883 995 4890 -—.-.-...—.—
1008 4883 1105 4888 -.—

571 5029 648 5112 aa)
699 5029 774 5095 cf.
823 5031 1170 5102 Holtzium,
1221 5038 1388 5110 synt.
1436 5028 1557 5090 vol.
1609 5027 1683 5089 Π.
1733 5047 1795 5107 p.
1849 5041 1995 5104 314,
2051 5025 2195 5104 316.

564 5143 642 5232 ³4)
689 5148 838 5229 Quo
888 5149 969 5210 de
1017 5149 1162 5209 loco
1209 5146 1357 5208 vide
1403 5143 1846 5216 Ritschelium‚
1895 5143 2164 5223 Parerg.
2214 5161 2277 5222 p.
2332 5147 2480 5220 237.
2536 5138 2755 5200 adnot.
