4409 5675
2139 436 2170 503 5

595 633 778 705 Rud.
837 653 1008 724 513.
1069 633 1391 728 piscibus
1447 635 1515 707 in
1568 630 1715 706 alto
1774 632 2007 705 credo
2061 632 2491 729 praehibent
2546 629 2901 726 pabulum.

591 766 863 863 Amph.
929 786 1100 857 297.
1153 770 1378 841 credo
1431 768 1848 841 misericors
1903 784 2043 841 est.

592 902 814 976 Most.
883 906 1098 977 1080.
1161 902 1390 975 credo
1449 904 1624 976 haut
1676 922 1922 1001 negat.

591 1036 860 1132 Amph.
920 1061 1091 1126 424.
1147 1038 1400 1110 nescio
1457 1039 1650 1111 unde
1705 1040 1891 1111 haec
1948 1038 2066 1111 hic
2123 1039 2505 1133 spectavit.

589 1170 770 1243 Asin
853 1194 1024 1266 917.
1085 1174 1368 1245 exorari
1427 1200 1650 1269 spero
1705 1173 1994 1269 poterit.

593 1306 775 1381 Rud.
839 1314 1010 1399 365.
1074 1308 1290 1381 scibis
1350 1308 1630 1411 saXO.²).
1701 1332 1864 1403 135.
1920 1309 2060 1381 iam
2114 1333 2265 1403 ego
2324 1310 2491 1380 faxo
2550 1308 2789 1381 exibit.

835 1444 1006 1535 578.
1069 1460 1510 1517 exarescent
1562 1444 1756 1517 faxO.

597 1576 854 1649 Pseud.
912 1596 1032 1668 47.
1090 1602 1183 1650 ex
1237 1576 1524 1651 tabellis
1576 1579 1717 1652 iarn
1775 1581 1945 1651 faxo
2001 1580 2212 1651 scies.

589 1711 728 1783 Mil.
785 1719 958 1805 463.
1014 1712 1156 1786 iam
1207 1714 1378 1786 faxo
1431 1715 1545 1789 hic
1599 1714 1758 1788 erit.
1817 1732 1950 1787 ete.
2008 1730 2142 1787 ete.

589 1844 854 1919 Omnia
902 1848 1110 1939 ⁸haec
1182 1847 1521 1944 exempla
1580 1857 2124 1944 παρατακτικώς
2191 1875 2273 1921 se
2344 1848 2621 1921 habent
2691 1864 2913 1943 atque
2985 1862 3361 1942 utrumque
3422 1844 3820 1918 membrum
3877 1870 4011 1940 per

271 2006 352 2051 se
414 1978 852 2076 intellegitur
899 1957 1156 2079 suique
1215 1982 1382 2055 iuris
1452 1999 1582 2056 est.
1697 1984 1853 2057 Sed
1925 2010 2157 2079 saepe
2219 1983 2314 2071 fit,
2376 2000 2450 2055 ut
2500 1981 2617 2055 illa
2668 1982 2932 2055 verba:
3011 1984 3201 2069 faxo,
3259 1980 3509 2067 credo,
3568 2005 3792 2076 spero
3847 1997 4011 2065 ete..

269 2113 725 2189 includantur
792 2117 861 2188 in
930 2119 1333 2191 orationem
1407 2120 1774 2201 directam,
1841 2118 1951 2190 cui
2015 2118 2222 2213 quasi
2296 2117 2630 2190 subiecta
2695 2134 2878 2189 sunt.
2992 2114 3394 2191 Lorenzius
3453 2129 3693 2187 autem
3754 2115 3847 2187 de
3902 2113 4011 2187 eis

269 2249 516 2321 verbis
575 2251 668 2321 ad
725 2251 944 2325 Most.
1001 2275 1194 2326 vers,
1282 2256 1478 2326 1080
1547 2269 1750 2325 recte
1821 2253 2013 2325 haec
2087 2254 2424 2325 adnotat:
2507 2250 2675 2325 »Sie
2732 2253 2991 2325 stehen
3059 2249 3166 2326 als
3224 2247 3755 2339 Einschiebsel,
3814 2248 4009 2324 nicht

271 2378 377 2454 als
433 2384 874 2479 regierende
915 2386 1190 2477 Verba,
1245 2389 1596 2460 wodurch
1651 2387 1769 2461 die
1835 2386 2049 2495 Rede
2109 2386 2573 2481 gewbhnlich
2627 2388 2790 2461 eine
2846 2387 3250 2461 lebhaftere
3305 2385 3653 2483 F'arbung
3708 2382 4006 2458 erhait.«

586 2546 912 2621 Tertium
970 2565 1211 2623 autem
1265 2576 1503 2647 genus
1563 2575 1809 2623 merae
1865 2550 2334 2645 παρατάξεως
2399 2550 2777 2639 invenitur,
2834 2550 2951 2623 ubi
3006 2526 3195 2623 sane·
3244 2549 3735 2624 coniunctivus
3788 2564 4013 2637 extat,

269 2680 401 2750 sed
486 2705 630 2753 non
713 2681 994 2777 pendet
1075 2712 1166 2757 ex
1261 2686 1752 2760 enuntiatione
1834 2686 2193 2784 primaria.
2360 2685 2427 2757 Is
2510 2702 2755 2758 autem
2852 2684 3352 2759 coniunctivus
3434 2683 3818 2757 habendus
3900 2699 4017 2756 est

269 2840 404 2910 pro
457 2814 858 2912 potentiali.

583 2978 650 3023 v.
707 2953 923 3049 Capt.
987 2960 1160 3045 961.
1223 2955 1446 3047 Quod
1498 2983 1647 3055 ego
1704 2957 1958 3042 fatear,
2011 2957 2258 3031 credin
2312 2957 2588 3052 pudeat
2643 2981 2866 3054 quom
2925 2955 3303 3029 autumes?

581 3087 839 3160 Pseud.
902 3113 1092 3179 949:
1154 3106 1304 3163 tum
1359 3090 1533 3164 faxo
1583 3090 1819 3188 magis
1875 3091 1945 3163 id
2004 3091 2236 3166 dicas

581 3219 959 3294 Eiusmodi
1013 3224 1203 3296 enim
1263 3226 1764 3299 coniunctivos
1819 3251 1955 3321 per
2007 3252 2091 3298 se
2164 3226 2353 3298 iuste
2424 3242 2502 3298 et
2560 3242 2759 3298 recte
2818 3251 2900 3297 se
2955 3203 3235 3298 habere
3306 3250 3549 3321 neque
3607 3249 3780 3298 esse
3837 3250 4011 3320 pen-

262 3357 530 3428 dentes
560 3358 876 3431 maxime
916 3383 1008 3430 eo
1043 3377 1377 3454 apparet,
1413 3360 1616 3456 quod
1656 3359 1883 3433 forma
1923 3361 2142 3434 faxim
2169 3385 2465 3456 semper
2502 3357 2823 3457 postulat
2862 3358 3157 3432 alterius
3194 3359 3397 3432 verbi
3437 3359 4012 3443 coniunctivum;

273 3506 501 3584 atque
562 3507 870 3588 uterque
927 3494 1418 3567 coniunctivus
1473 3494 1628 3568 sine
1684 3494 1907 3568 dubio
1975 3496 2172 3568 idem
2247 3495 2477 3584 valet3
2550 3512 2629 3569 et
2694 3495 2752 3568 si
2812 3495 3040 3568 forma
3106 3495 3319 3568 faxim
3404 3492 3826 3590 potentialis
3899 3509 4017 3566 est

268 3627 663 3720 putandus,
721 3625 1024 3702 alterum
1076 3629 1605 3702 coniunctivum
1645 3647 1720 3702 et
1774 3630 2010 3725 ipsum
2040 3631 2519 3726 potentialem
2574 3656 2747 3704 esse
2778 3627 3159 3703 verisimile
3198 3646 3344 3718 est3
3399 3627 3571 3702 vide
3602 3627 3798 3702 Trin.
3834 3652 3967 3699 221
4002 3653 4016 3700 ε

1808 3765 2019 3861 pauci
2075 3765 2218 3842 sint
2275 3765 2509 3838 faxim.

1013 3897 1280 3996 Amph.
1345 3921 1530 3992 511:
1625 3901 1794 3996 Ego
1852 3899 2067 3972 faxim
2123 3901 2253 3973 ted
2311 3898 2923 3997 Amphitruonem
2980 3897 3183 3971 malis
3238 3925 3409 3972 esse
3464 3923 3683 3994 quam
3736 3895 4011 3992 Jovem.

596 4029 684 4100 cf.
742 4047 1133 4125 praeterea
1189 4034 1384 4108 Trin.
1448 4039 1566 4109 60.

1440 4169 1609 4243 faxo
1667 4170 1805 4242 hau
1860 4167 2206 4241 tantillum
2261 4167 2561 4242 dederis
2616 4168 3014 4241 verborum
3072 4167 3260 4242 mihi.

1251 4311 1372 4376 62.
1429 4303 1680 4376 hercle
1738 4304 1908 4376 faxo
1965 4303 2108 4377 hau
2166 4303 2494 4394 nescias;
2568 4329 2759 4400 quos
2816 4303 3312 4377 coniunctivos
3369 4303 3644 4375 Brixius
3714 4303 3779 4374 in
3839 4300 4013 4374 edit.

270 4430 473 4505 Trin.
531 4435 626 4505 ad
679 4435 865 4507 hunc
919 4461 1207 4508 versum
1263 4437 1364 4509 sic
1420 4439 1685 4511 vertit:

590 4570 784 4660 δοίης
837 4568 930 4642 ἄν
987 4615 1086 4626 -
1141 4615 1236 4624 -
1301 4569 1430 4644 οὐκ
1482 4569 1572 4644 ἂν
1628 4572 1974 4668 α’γνοοίης.

269 4762 326 4769 ,,-
630 4765 749 4772 --..-
762 4767 1111 4776 -ἡ-...η-μ--η-

589 4882 634 4968 ²)
677 4885 778 4948 De
825 4883 1029 4949 forma
1075 4887 1224 4952 saxo
1267 4889 1414 4952 vide
1462 4891 1926 4964 Luebbertum,
1983 4892 2157 4954 »Der
2199 4893 2664 4956 Coniunctivus
2694 4892 2965 4956 Perfecti
3012 4893 3143 4956 und
3190 4893 3305 4954 das
3350 4891 3659 4954 Futurum
3711 4899 4011 4953 exactum

691 5004 772 5066 im
822 5003 1064 5068 alteren
1113 5005 1378 5070 Latein«
1448 5007 1640 5071 Bresl.
1701 5009 1885 5089 1867.
1952 5047 2030 5056 -—
2077 5009 2268 5083 Pott„
2318 5008 2598 5090 Etymol.
2658 5009 3125 5090 Forschungen
3172 5009 3217 5074 Ι.
3266 5025 3369 5089 94.
3440 5045 3524 5055 —-—
3582 5039 3656 5055 ·--
3700 5007 4013 5070 Futurum

688 5130 990 5185 exactum
1038 5121 1194 5185 faxo
1235 5123 1411 5204 apud
1442 5125 1730 5189 comicos
1776 5124 1906 5188 sere
1949 5145 2210 5207 semper
2254 5125 2789 5206 significationem
2837 5126 3037 5189 habet
3082 5125 3271 5189 futuri
3320 5128 3362 5189 Ι.
3414 5127 3491 5195 cf.
3541 5127 3793 5203 Holtze,
3842 5139 4011 5212 synt.

687 5239 760 5302 11.
810 5239 910 5304 86.
955 5239 1255 5306 Perbene
1303 5239 1670 5322 Madvigius
1717 5242 1981 5325 (Opusc.
2028 5241 2239 5308 Acad.
2288 5241 2364 5308 11.
2413 5261 2558 5324 pag.
2614 5243 2693 5306 82
2744 5245 2873 5326 sq.)
2920 5242 3003 5306 de
3048 5243 3521 5326 significatione
3567 5245 3756 5310 futuri
3804 5249 4017 5312 exacti

685 5375 804 5438 pro
853 5355 1068 5420 futuro
1116 5357 1386 5440 simplici
1431 5359 1623 5442 positi
1672 5361 1938 5424 disserit.
