4409 5675
2323 448 2642 455 ——ss—

720 558 912 635 Rud.
977 585 1148 654 511.
1211 564 1423 635 velim
1480 591 1757 639 vomas.

721 694 1118 769 Praeterea
1187 704 1522 795 exempla
1589 702 2052 785 inveniuntur,
2135 703 2202 773 in
2274 704 2531 797 quibus
2624 704 3119 775 coniunctivus
3193 701 3495 797 optativi
3580 716 3829 795 partes
3902 698 4147 799 agit.³)

401 824 842 924 Quanquam
897 832 968 903 in
1024 832 1134 905 his
1191 859 1487 930 quoque
1543 836 2157 909 enuntiationibus
2218 854 2599 933 utrumque
2670 839 3069 909 membrum
3128 838 3235 909 sui
3293 834 3459 907 iuris
3516 849 3669 921 est,
3744 850 3991 905 tamen
4044 832 4151 905 eis

397 986 587 1055 pons
648 962 960 1039 effectus
1015 984 1148 1051 est,
1207 994 1343 1063 per
1396 996 1619 1066 quem
1671 972 2062 1066 παράταξις
2113 972 2181 1043 in
2242 968 2585 1061 ὑπόταξιν
2639 972 2952 1045 transiit:

719 1128 984 1201 Pseud.
1049 1135 1244 1222 278:
1302 1133 1370 1205 in
1424 1158 1666 1230 pauca
1727 1195 2046 1209 .....
2107 1135 2364 1206 confer
2423 1133 2595 1229 quid
2648 1132 2857 1205 velis,

721 1262 953 1338 Merc.
1014 1268 1201 1358 389:
1257 1267 1370 1340 dic
1417 1270 1600 1364 ,quid
1651 1270 1850 1341 velis:

717 1382 932 1471 Curcss
994 1420 1183 1492 457:
1241 1403 1472 1477 Dicas
1531 1404 1703 1498 quid
1758 1406 1952 1477 velis,

717 1532 931 1626 Quae
1003 1554 1166 1609 sunt
1221 1539 1601 1633 potissima
1659 1565 1908 1612 merae
1958 1540 2429 1634 παρατάξεως
2464 1564 2769 1634 genera,
2828 1565 3023 1635 quae
3066 1540 3260 1635 apud
3298 1536 3620 1610 Plautum
3654 1537 4141 1609 inveniuntur.

713 1697 1115 1771 Praeterea
1172 1718 1417 1774 autem
1461 1703 1701 1774 omnia
1742 1704 2114 1775 enuntiata
2161 1703 2585 1798 pendentia,
2644 1728 2834 1797 quae
2874 1703 3213 1797 incipiunt
3260 1728 3304 1771 a
3340 1698 3709 1796 particula.
3768 1724 3861 1770 ex
3912 1726 4141 1793 παρα-

403 1831 600 1920 τάξει
655 1851 828 1906 nata
882 1850 1066 1922 sunt,
1122 1861 1280 1908 cum
1332 1862 1473 1932 per
1530 1864 1611 1908 se
1669 1835 1784 1909 illa
1839 1839 2022 1910 iuste
2109 1856 2183 1909 et
2236 1853 2435 1909 recte
2493 1863 2573 1908 se
2658 1836 2933 1909 habere
3024 1834 3234 1907 facile
3316 1832 3797 1907 demonstrari
3878 1832 4134 1927 possit.

395 1965 636 2059 Quam
693 1970 1195 2064 quaestionem
1249 1973 1568 2043 breviter
1625 2000 1717 2044 ex
1771 1972 2134 2068 particulis
2189 1972 2381 2055 nisi,
2439 1998 2568 2054 ne,
2626 1989 2737 2057 ut,
2796 1970 3063 2042 deinde
3104 1972 3321 2065 paulo
3354 1968 3762 2041 accuratius
3802 1994 3893 2037 ex
3922 1969 4131 2062 parti-

396 2102 556 2172 cula
615 2103 834 2196 quin
892 2130 1254 2201 exponam
1315 2106 1810 2203 exemplisque
1865 2107 2327 2180 confirmabo

707 2237 826 2310 Ac
881 2238 1186 2335 primurn
1248 2242 1544 2336 quidem
1598 2244 1847 2338 paucis
1905 2243 2264 2315 disseram
2319 2243 2416 2314 de
2472 2240 2821 2337 particula
2878 2241 3074 2313 nisi.

707 2401 1154 2497 Repetenda
1209 2423 1453 2477 autern
1515 2423 1629 2477 est
1682 2405 1875 2479 haec
1921 2404 2271 2501 particula
2329 2432 2371 2475 a
2418 2406 2663 2500 prisca
2710 2405 3111 2499 negatione
3172 2404 3237 2474 ni
3294 2420 3517 2497 atque
3552 2430 3594 2473 a
3625 2403 4131 2474 coniunctione

391 2534 857 2608 conditionali
909 2538 990 2625 si,
1047 2538 1145 2609 ita
1197 2555 1275 2609 ut
1339 2565 1513 2635 »per
1567 2541 1698 2612 nisi
1754 2556 2066 2635 negetur
2111 2541 2188 2610 id
2242 2542 2445 2635 quod
2508 2540 2941 2612 conditionis
3000 2540 3289 2611 nomine
3348 2535 3871 2626 intercedit.«⁴)

706 2670 956 2767 Atque
1011 2670 1344 2744 Handius
1400 2673 1612 2746 affert
1663 2674 1806 2747 hoc
1865 2672 2309 2769 exemplum:

1609 2809 1915 2883 »Actum
1973 2812 2068 2884 de
2124 2827 2195 2884 te
2254 2826 2369 2884 est
2425 2810 2556 2883 nisi
2612 2808 3027 2906 provide5‚«

390 2939 592 3034 quod
643 2941 744 3012 sic
800 2943 1161 3036 explicat:
1220 2961 1457 3016 actum
1513 2945 1607 3016 de
1663 2963 1735 3016 te
1795 2961 1942 3019 est:
2000 2971 2146 3018 non
2203 2961 2335 3028 est,
2396 2948 2455 3018 si
2512 2946 2880 3041 provides,

703 3102 906 3199 Ergo
987 3105 1055 3177 in
1109 3108 1599 3181 enuntiatione
1689 3109 2025 3204 primaria
2108 3105 2395 3205 aliquid,
2490 3109 2695 3203 quod
2749 3107 3123 3178 vitandum
3185 3122 3323 3193 est,
3408 3123 3611 3180 extat
3692 3125 3911 3204 atque
3972 3103 4127 3176 nisi-

390 3237 787 3309 enuntiatio
845 3239 1058 3311 affert
1093 3241 1370 3312 unicum
1431 3260 2005 3339 exoptatumque
2057 3244 2550 3316 adiumentum
2606 3241 2701 3313 ad
2762 3267 2855 3314 ea
2910 3268 3101 3336 quae
3161 3242 3231 3313 in
3294 3242 3757 3339 praegressis
3812 3241 4135 3313 dicuntur

385 3367 730 3444 tollenda.
819 3372 1070 3466 Quare
1125 3373 1198 3446 fit
1253 3392 1332 3446 ut
1388 3377 1751 3449 sententia
1807 3377 2148 3472 primaria
2195 3377 2627 3475 plerumque
2686 3377 2777 3446 sit
2830 3377 3173 3472 negativa
3224 3379 3341 3447 vel
3394 3379 3813 3471 negativum
3856 3374 4138 3446 habeat

385 3530 700 3581 sensum.
790 3495 1066 3580 B'rixius
1124 3524 1364 3582 autem
1423 3511 1781 3623 eiusmodi
1811 3528 2204 3586 structuras
2263 3511 2581 3608 elliptice
2629 3536 2712 3582 se
2750 3511 3030 3581 habere
3092 3511 3365 3604 putat5)
3426 3527 3651 3604 atque
3702 3504 3901 3578 velut
3928 3507 4131 3580 Trin.

389 3661 568 3732 233:
633 3642 798 3714 »De
851 3643 988 3714 hac
1045 3668 1122 3715 re
1182 3645 1346 3716 mihi
1398 3646 1574 3719 satis
1615 3647 1754 3720 hau
1810 3645 2073 3744 liquet:
2130 3648 2261 3719 nisi
2320 3648 2453 3720 hoc
2493 3647 2595 3742 sic
2651 3644 2963 3716 faciam«
3026 3643 3127 3714 sic
3187 3641 3557 3713 dissolvit:
3610 3641 3957 3712 hier'uber
4012 3640 4131 3712 bin

380 3774 498 3847 ich
552 3775 685 3847 mir
740 3777 929 3849 nicht
985 3778 1178 3864 klar,
1270 3804 1478 3852 wenn
1538 3780 1646 3853 ich
1712 3783 1911 3855 nicht
1968 3798 2160 3854 etwa
2220 3783 2541 3854 dadurch
2590 3781 2749 3850 klar
2802 3777 3092 3856 werde,
3178 3777 3353 3847 dass
3412 3775 3591 3848 ich’s
3646 3799 3733 3847 so
3792 3774 4119 3846 mache.«

706 3913 859 3985 Sed
916 3911 1144 3985 multo
1201 3912 1588 4010 simplicius
1645 3915 1830 3988 tales
1889 3934 2301 3989 structurae
2356 3942 2447 3988 ex
2503 3911 2893 4008 παρατάξει
2975 3925 3194 3981 natae
3280 3910 3461 3982 hunc
3538 3911 3607 3982 in
3664 3909 3950 3982 modum
4006 3934 4125 3980 ex-

383 4045 779 4140 plicantur3
833 4045 1027 4120 velut
1077 4049 1196 4121 ubi
1251 4049 1510 4123 Cicero
1565 4052 1734 4124 dicit
1779 4051 1880 4124 de
1939 4067 2213 4124 senect.
2272 4047 2317 4152 ξ
2380 4073 2459 4120 21
2508 4073 2523 4120 t

1453 4185 1809 4258 memoria
1863 4187 2214 4270 minuitur,
2274 4185 2404 4256 nisi
2464 4208 2625 4255 eam
2684 4206 3067 4269 exerceaS,

371 4313 572 4387 cuius
629 4318 936 4413 exempli
995 4319 1062 4390 in
1115 4323 1608 4394 enuntiatione
1677 4322 2014 4416 primaria
2073 4320 2267 4391 inest
2338 4318 2641 4413 negatio
2700 4319 3065 4402 indirecta,
3151 4318 3251 4389 sic
3306 4315 3652 4412 equidem
3712 4309 4108 4409 explicem·-

954 4454 1113 4526 Das
1168 4455 1664 4528 Gedachtniss
1720 4455 1966 4526 nimmt
2018 4454 2135 4526 ab.
2244 4453 2465 4526 Nein!
2527 4464 2819 4548 mogest
2877 4452 2971 4524 du
3028 4479 3110 4524 es
3166 4477 3296 4523 nur
3356 4453 3570 4523 uben.

691 4614 896 4713 Ergo
950 4616 1251 4711 negatio
1309 4618 1376 4689 ni
1449 4619 1519 4689 in
1591 4614 1944 4712 particula
2002 4617 2134 4689 nisi
2192 4615 2358 4689 nihil
2426 4615 2619 4688 aliud
2692 4635 2806 4689 est
2871 4641 3087 4711 quarn
3140 4630 3488 4686 nostrum:
3582 4613 3806 4686 Nein!
3896 4623 4123 4702 atque

376 4750 741 4823 sententia
837 4751 1340 4823 conditionalis
1434 4752 1782 4824 habenda
1879 4768 1992 4824 est
2070 4777 2203 4847 pro
2299 4753 2649 4848 optativa.
2796 4747 3231 4844 Exemplum
3313 4749 3531 4844 igitur
3614 4775 3658 4819 a
3724 4743 3961 4819 Brixio
4028 4768 4125 4814 ex

365 4943 484 4954 m,
573 4949 660 4956 ’.ὺ-
705 4950 716 4955 —
739 4950 870 4956 —--.-..-—
913 4950 960 4954 ——
976 4948 1080 4954 ω»--

687 5073 734 5152 ³)
781 5069 873 5132 Cf.
925 5069 1242 5151 optimam
1287 5069 1473 5131 huius
1521 5069 1844 5133 idiomatis
1891 5071 2367 5152 expositionem
2416 5071 2713 5134 Lorenzii
2760 5071 2843 5132 ad
2889 5071 3116 5134 Pseud.
3167 5090 3226 5132 v.
3277 5067 3423 5144 265.

685 5191 738 5269 ⁴)
785 5187 994 5248 Hand.
1046 5187 1438 5250 Tursellinus
1487 5209 1598 5249 seu
1647 5187 1728 5248 de
1777 5187 2098 5269 particulis
2143 5188 2353 5252 latinis
2403 5189 2865 5260 commentarii,
2916 5187 3011 5248 IV
3054 5209 3113 5268 p.
3170 5201 3293 5265 215
3345 5207 3445 5266 sq.

687 5305 737 5386 ⁵)
784 5303 894 5366 Ad
938 5303 1150 5368 locum
1195 5304 1364 5368 illum
1412 5327 1496 5368 ex
1543 5305 1922 5367 Trinummo
1971 5315 2323 5388 sumptum.
