4409 5675
2151 422 2231 487 23

2183 500 2564 507 ——.-.———-———--

639 626 857 721 Capt.
923 630 1108 717 850:
1169 625 1363 718 Quin
1425 625 1524 695 ita
1587 624 1846 695 faciam
1903 642 1978 694 ut
2031 642 2183 694 tute
2245 624 2497 717 cupias
2558 626 2803 695 facere
2864 640 3251 718 sumptum.

634 760 820 831 Rud.
913 770 1094 851 760:
1159 760 1261 830 At
1321 761 1508 853 quin,
1569 760 1741 849 quia
1797 772 2035 839 vota5‚
2091 775 2471 850 utramque
2529 759 2667 827 iam
2727 782 3007 828 mecum
3069 756 3437 828 abducam
3498 758 3745 829 semul.

641 894 786 967 Mil.
889 918 1107 981 1124:
1169 893 1380 984 Quin,
1440 894 1499 963 si
1550 891 1925 961 voluntate
1983 890 2206 973 nolet,
2262 891 2329 960 vi
2391 890 2793 961 extrudam.

636 1028 854 1099 Stich.
919 1032 1102 1114 624:
1171 1024 1387 1115 Quin,
1450 1026 1505 1095 si
1564 1026 1885 1109 iusseris,
1949 1049 2042 1095 eo
2099 1048 2397 1119 quoque
2460 1025 2608 1094 ibo.

633 1160 830 1230 Asin.
900 1178 1078 1249 237:
1135 1157 1348 1249 Quin,
1409 1160 1469 1229 si
1525 1176 1597 1228 tu
1653 1159 1858 1229 voles
1916 1157 2106 1229 domi
2167 1158 2362 1227 servi
2421 1158 2540 1250 qui
2601 1174 2765 1228 sunt
2818 1160 3162 1229 castrabo
3216 1160 3427 1230 viros,

631 1295 848 1364 Poen.
931 1312 1163 1383 1073:
1232 1277 1442 1383 Quinv
1481 1318 1650 1363 mea
1709 1318 2006 1387 quoque
2073 1292 2211 1361 iste
2272 1292 2592 1361 habebit.
2634 1334 2717 1340 —----
2754 1290 2975 1363 Most.
3040 1314 3218 1382 599:
3290 1292 3483 1383 Quin
3554 1311 3835 1364 sortem
3916 1292 4083 1394 [iam

1219 1424 1790 1525 redhi]bebit.·⁵2)

317 1568 388 1657 β)
454 1588 612 1633 cum
669 1562 905 1632 futuro
964 1560 1036 1630 II.

632 1723 853 1795 Stich.
916 1743 1101 1813 593:
1154 1722 1347 1813 Quin
1403 1740 1552 1793 tum
1609 1739 1814 1794 stans
1869 1723 2305 1792 obstrusero
2363 1721 2635 1815 aliquid
2694 1738 3009 1792 strenue.

637 1857 860 1927 Poen.
923 1856 1106 1943 898:
1163 1855 1356 1947 Quin
1417 1858 1612 1949 prius
1672 1856 2054 1949 disperibit
2112 1855 2309 1926 fax0.

901 1990 1124 2077 900†,·
1188 1986 1444 2088 Qui[n]
1508 2014 1714 2059 meus
1771 1987 2021 2060 hercle
2079 1987 2499 2060 collibertus
2558 1988 2728 2059 faxo
2786 1992 3050 2083 eris.⁵¹)

630 2152 853 2243 Quod
928 2135 1122 2249 q'uin'
1167 2151 1596 2243 saepissime
1662 2152 2015 2243 repetitur
2095 2151 2267 2221 Cas,
2348 2152 2785 2241 498—505,
2873 2176 3021 2245 quo
3098 2149 3262 2223 loco
3336 2156 3625 2224 Plautus
3714 2152 3831 2223 illa
3913 2155 4087 2248 quin

307 2285 658 2382 particula
716 2283 967 2355 ludere
1027 2285 1329 2355 videtur.
1389 2328 1487 2335 —-—
1545 2285 1656 2354 En
1709 2310 2010 2355 versus:

1172 2418 1616 2489 Alces-imus:
1680 2417 1878 2509 Quin
1936 2444 2164 2512 eapse
2224 2416 2409 2489 ultro
2463 2418 2634 2489 mihi

1177 2580 1504 2676 Negavit
1559 2582 1715 2652 eius
1771 2606 2074 2675 operam
2131 2606 2215 2651 se
2274 2582 2746 2675 morarier.⁵3)

639 2717 954 2788 Stalino:
1019 2716 1211 2807 Quin
1270 2740 1504 2808 eapse
1563 2741 1676 2786 me
1735 2714 2128 2807 adlegavit,
2190 2715 2309 2810 qui
2364 2715 2575 2786 istam
2633 2721 3214 2809 arcesserem.⁵⁴)

631 2851 796 2922 Ale.
862 2850 1058 2942 Quin
1119 2848 1310 2921 nihili
1367 2851 1584 2922 facio,

1168 2983 1347 3056 Stal.
1409 2984 1605 3075 Quin
1663 3009 1777 3055 me
1837 2985 2106 3077 perdis.

689 3197 710 3222 .·
2019 3116 2180 3188 Alc.
2241 3117 2437 3208 Quin
2495 3119 2688 3188 bene
2752 3135 2889 3196 est.

635 3254 831 3347 Quin
889 3255 1110 3325 etiam
1165 3254 1288 3324 diu
1347 3255 1717 3336 morabor,
1775 3253 1942 3346 quin
2002 3252 2219 3345 cupio
2278 3251 2429 3336 tibi,

638 3387 833 3480 Quin
891 3387 1162 3481 aliquid
1223 3411 1453 3481 aegre
1513 3386 1798 3472 faciam,
1860 3385 2028 3478 quin
2081 3384 2342 3456 faciam
2399 3384 2678 3456 lubens,

631 3521 1046 3614 Numquam
1103 3521 1229 3590 tibi
1285 3519 1512 3590 hodie
1569 3521 1641 3589 id
1699 3520 1864 3613 quin
1926 3519 2058 3588 erit
2115 3521 2274 3612 plus
2332 3543 2552 3612 quam
2609 3516 2800 3589 mihi.

640 3651 896 3754 Qui[n]
961 3655 1209 3724 hercle
1266 3667 1338 3723 te
1395 3653 1467 3722 di
1525 3654 1844 3746 perdant
1899 3665 2284 3744 postremo
2344 3650 2668 3745 quidem!

361 3789 460 3884 ff)
516 3789 710 3882 Quin
769 3787 924 3860 sine
978 3787 1158 3858 verb
1215 3802 1496 3860 extans.

631 3948 1033 4020 Praeterea
1090 3948 1235 4020 duo
1293 3947 1640 4042 exempla
1718 3948 1915 4041 apud
1970 3945 2293 4018 Plautum
2361 3948 2827 4032 inveniuntur,
2899 3950 2967 4019 in
3022 3951 3284 4043 quibus
3342 3953 3607 4022 nullum
3666 3968 3871 4025 extat
3928 3978 4089 4024 ver-

301 4085 516 4170 bum,
579 4083 717 4154 sed
776 4080 992 4154 facile
1052 4107 1144 4153 ex
1196 4084 1666 4178 praegressis
1723 4081 2046 4176 suppleri
2103 4096 2376 4176 potest.

633 4216 782 4288 Mil.
847 4238 1027 4307 330:
1085 4215 1280 4306 Quin
1337 4217 1531 4287 domi
1589 4239 1864 4288 eccam.

632 4377 847 4472 Capt.
921 4398 1154 4468 1015:
1210 4377 1403 4468 Quin
1458 4377 1666 4447 huius
1725 4375 1939 4446 filium
1999 4376 2186 4445 intus
2244 4399 2517 4459 eccum,
2574 4377 2867 4448 fratrem
2922 4401 3353 4469 germanum
3406 4393 3621 4450 tuum.

634 4510 965 4583 Tertium
1023 4526 1264 4582 autem
1321 4510 1736 4604 exemplum
1794 4524 2080 4580 extaret
2137 4535 2229 4580 ex
2284 4507 2747 4581 Fleckeiseni
2807 4511 3227 4582 coniectura
3286 4511 3549 4582 Pseud.
3618 4518 3859 4603 1165:

1596 4642 1788 4735 Quin
1828 4641 2107 4726 malum,
2163 4643 2237 4713 id
2292 4659 2527 4715 totum
2584 4659 2800 4716 tuum.

627 4947 704 5031 ⁵²)
751 4950 872 5012 Est
918 4949 1292 5011 coniectura
1337 4949 1684 5012 Ritschelii.

624 5061 702 5147 ⁵³)
749 5063 910 5128 Cod.
963 5065 1026 5126 A
1074 5066 1418 5148 eapsultrO,
1471 5067 1664 5127 ceteri
1713 5085 1790 5128 ea
1837 5065 1975 5145 ipsa
2024 5065 2211 5128 ultro,

625 5179 704 5261 M)
751 5181 966 5264 Eapse
1031 5182 1304 5244 Bothius
1371 5182 1541 5262 legit,
1613 5182 1756 5242 libri
1821 5201 1900 5242 ea
1962 5183 2118 5261 ipsa.
2196 5179 2299 5241 De
2368 5200 2444 5241 ea
2513 5180 2897 5243 formatione
2968 5183 3115 5243 vide
3198 5181 3590 5244 Corssenum
3664 5181 3739 5253 ΙΙ,
3816 5203 3881 5264 ρ.
3934 5187 4083 5262 847.

757 5299 1191 5362 Schmidtium
1241 5302 1321 5361 de
1368 5319 1550 5380 pron.
1603 5320 1663 5380 p.
1719 5315 1753 5359 2
1768 5311 1795 5376 5
1849 5319 1944 5377 sq.
