<?xml version="1.0" encoding="UTF-8"?>
<!DOCTYPE html PUBLIC "-//W3C//DTD XHTML 1.0 Transitional//EN"
    "http://www.w3.org/TR/xhtml1/DTD/xhtml1-transitional.dtd">
<html xmlns="http://www.w3.org/1999/xhtml" xml:lang="en" lang="en">
 <head>
  <title>
</title>
<meta http-equiv="Content-Type" content="text/html;charset=utf-8" />
  <meta name='ocr-system' content='tesseract 3.04.00' />
  <meta name='ocr-capabilities' content='ocr_page ocr_carea ocr_par ocr_line ocrx_word'/>
</head>
<body>
  <div class='ocr_page' id='page_1' title='image "./quaestionesplau00schngoog_0032.png"; bbox 0 0 4409 5675; ppageno 0'>
   <div class='ocr_carea' id='block_1_1' title="bbox 2244 334 2327 394">
    <p class='ocr_par' dir='ltr' id='par_1_1' title="bbox 2244 334 2327 394">
     <span class='ocr_line' id='line_1_1' title="bbox 2244 334 2327 394; baseline 0.012 -1"><span class='ocrx_word' id='word_1_1' title='bbox 2244 334 2327 394; x_wconf 87' lang='lat'><strong>28</strong></span> 
     </span>
    </p>
   </div>
   <div class='ocr_carea' id='block_1_2' title="bbox 403 536 4180 771">
    <p class='ocr_par' dir='ltr' id='par_1_2' title="bbox 403 536 4180 771">
     <span class='ocr_line' id='line_1_2' title="bbox 723 536 4180 640; baseline -0.003 -22"><span class='ocrx_word' id='word_1_2' title='bbox 723 544 892 619; x_wconf 84' lang='lat' dir='ltr'><strong>Huc</strong></span> <span class='ocrx_word' id='word_1_3' title='bbox 951 566 1243 640; x_wconf 79' lang='lat' dir='ltr'><strong>quoque</strong></span> <span class='ocrx_word' id='word_1_4' title='bbox 1303 541 1624 635; x_wconf 83' lang='lat' dir='ltr'><strong>pertinet</strong></span> <span class='ocrx_word' id='word_1_5' title='bbox 1707 565 1877 613; x_wconf 88' lang='lat' dir='ltr'><strong>mea</strong></span> <span class='ocrx_word' id='word_1_6' title='bbox 1927 539 2252 635; x_wconf 53' lang='lat' dir='ltr'><strong>‚quidem</strong></span> <span class='ocrx_word' id='word_1_7' title='bbox 2338 540 2709 613; x_wconf 88' lang='lat' dir='ltr'><strong>sententia</strong></span> <span class='ocrx_word' id='word_1_8' title='bbox 2788 536 2961 610; x_wconf 91' lang='lat' dir='ltr'><strong>illud</strong></span> <span class='ocrx_word' id='word_1_9' title='bbox 3018 536 3455 633; x_wconf 82' lang='lat' dir='ltr'><strong>exemplum,</strong></span> <span class='ocrx_word' id='word_1_10' title='bbox 3542 538 3743 633; x_wconf 89' lang='lat' dir='ltr'><strong>quod</strong></span> <span class='ocrx_word' id='word_1_11' title='bbox 3824 538 4180 610; x_wconf 87' lang='lat' dir='ltr'><strong>invenitur</strong></span> 
     </span>
     <span class='ocr_line' id='line_1_3' title="bbox 403 672 3401 771; baseline -0.003 -17"><span class='ocrx_word' id='word_1_12' title='bbox 403 675 559 754; x_wconf 83' lang='lat' dir='ltr'><strong>Mil.</strong></span> <span class='ocrx_word' id='word_1_13' title='bbox 607 695 795 769; x_wconf 83' lang='lat'>741:</span> <span class='ocrx_word' id='word_1_14' title='bbox 853 677 1047 753; x_wconf 88' lang='lat' dir='ltr'><strong>Nam</strong></span> <span class='ocrx_word' id='word_1_15' title='bbox 1101 676 1386 771; x_wconf 81' lang='lat' dir='ltr'>hospes</span> <span class='ocrx_word' id='word_1_16' title='bbox 1443 673 1678 747; x_wconf 91' lang='lat' dir='ltr'><strong>nullus</strong></span> <span class='ocrx_word' id='word_1_17' title='bbox 1732 690 1880 747; x_wconf 89' lang='lat' dir='ltr'><strong>tam</strong></span> <span class='ocrx_word' id='word_1_18' title='bbox 1939 674 2011 746; x_wconf 93' lang='lat' dir='ltr'><strong>in</strong></span> <span class='ocrx_word' id='word_1_19' title='bbox 2067 674 2284 745; x_wconf 88' lang='lat' dir='ltr'><strong>amici</strong></span> <span class='ocrx_word' id='word_1_20' title='bbox 2334 672 2731 768; x_wconf 87' lang='lat' dir='ltr'><strong>hospitium</strong></span> <span class='ocrx_word' id='word_1_21' title='bbox 2783 672 3069 745; x_wconf 85' lang='lat' dir='ltr'>devorti</span> <span class='ocrx_word' id='word_1_22' title='bbox 3126 688 3401 767; x_wconf 85' lang='lat' dir='ltr'><strong>potest,</strong></span> 
     </span>
    </p>
   </div>
   <div class='ocr_carea' id='block_1_3' title="bbox 401 834 4177 1181">
    <p class='ocr_par' dir='ltr' id='par_1_3' title="bbox 401 834 4177 1181">
     <span class='ocr_line' id='line_1_4' title="bbox 833 834 3293 931; baseline -0.002 -20"><span class='ocrx_word' id='word_1_23' title='bbox 833 838 1050 931; x_wconf 79' lang='lat' dir='ltr'><strong>Quin,</strong></span> <span class='ocrx_word' id='word_1_24' title='bbox 1105 838 1227 910; x_wconf 87' lang='lat' dir='ltr'><strong>ubi</strong></span> <span class='ocrx_word' id='word_1_25' title='bbox 1283 837 1596 911; x_wconf 87' lang='lat' dir='ltr'><strong>triduom</strong></span> <span class='ocrx_word' id='word_1_26' title='bbox 1653 836 1748 907; x_wconf 93' lang='lat' dir='ltr'><strong>ibi</strong></span> <span class='ocrx_word' id='word_1_27' title='bbox 1805 836 2225 908; x_wconf 88' lang='lat' dir='ltr'><strong>continuom</strong></span> <span class='ocrx_word' id='word_1_28' title='bbox 2282 834 2516 918; x_wconf 87' lang='lat' dir='ltr'><strong>fuerit,</strong></span> <span class='ocrx_word' id='word_1_29' title='bbox 2574 836 2715 906; x_wconf 90' lang='lat' dir='ltr'><strong>iam</strong></span> <span class='ocrx_word' id='word_1_30' title='bbox 2770 834 3072 907; x_wconf 88' lang='lat' dir='ltr'><strong>odiosus</strong></span> <span class='ocrx_word' id='word_1_31' title='bbox 3128 834 3293 907; x_wconf 90' lang='lat' dir='ltr'><strong>siet.</strong></span> 
     </span>
     <span class='ocr_line' id='line_1_5' title="bbox 721 965 4177 1068; baseline -0.003 -23"><span class='ocrx_word' id='word_1_32' title='bbox 721 972 898 1065; x_wconf 79' lang='lat' dir='ltr'><strong>Quo</strong></span> <span class='ocrx_word' id='word_1_33' title='bbox 954 972 1023 1044; x_wconf 92' lang='lat' dir='ltr'><strong>in</strong></span> <span class='ocrx_word' id='word_1_34' title='bbox 1055 969 1402 1068; x_wconf 86' lang='lat' dir='ltr'><strong>exemplo</strong></span> <span class='ocrx_word' id='word_1_35' title='bbox 1443 1006 1466 1039; x_wconf 81' lang='lat'>›</span> <span class='ocrx_word' id='word_1_36' title='bbox 1489 987 1682 1043; x_wconf 85' lang='lat' dir='ltr'><strong>tam‹</strong></span> <span class='ocrx_word' id='word_1_37' title='bbox 1723 969 2184 1063; x_wconf 88' lang='lat' dir='ltr'><strong>coniungitur</strong></span> <span class='ocrx_word' id='word_1_38' title='bbox 2216 994 2378 1041; x_wconf 89' lang='lat' dir='ltr'><strong>cum</strong></span> <span class='ocrx_word' id='word_1_39' title='bbox 2416 968 2876 1041; x_wconf 89' lang='lat' dir='ltr'><strong>substantivo</strong></span> <span class='ocrx_word' id='word_1_40' title='bbox 2916 968 3211 1050; x_wconf 89' lang='lat' dir='ltr'><strong>verbali,</strong></span> <span class='ocrx_word' id='word_1_41' title='bbox 3268 992 3463 1062; x_wconf 91' lang='lat' dir='ltr'><strong>quae</strong></span> <span class='ocrx_word' id='word_1_42' title='bbox 3524 966 3936 1039; x_wconf 89' lang='lat' dir='ltr'><strong>coniunctio</strong></span> <span class='ocrx_word' id='word_1_43' title='bbox 3974 965 4177 1038; x_wconf 91' lang='lat' dir='ltr'><strong>haud</strong></span> 
     </span>
     <span class='ocr_line' id='line_1_6' title="bbox 401 1100 4168 1181; baseline -0.001 -3"><span class='ocrx_word' id='word_1_44' title='bbox 401 1130 570 1181; x_wconf 85' lang='lat' dir='ltr'><strong>raro</strong></span> <span class='ocrx_word' id='word_1_45' title='bbox 621 1105 967 1181; x_wconf 89' lang='lat' dir='ltr'><strong>occurrit.</strong></span> <span class='ocrx_word' id='word_1_46' title='bbox 1095 1106 1471 1180; x_wconf 88' lang='lat' dir='ltr'><strong>Eiusmodi</strong></span> <span class='ocrx_word' id='word_1_47' title='bbox 1530 1104 1988 1179; x_wconf 88' lang='lat' dir='ltr'><strong>substantiva</strong></span> <span class='ocrx_word' id='word_1_48' title='bbox 2039 1100 2369 1177; x_wconf 83' lang='lat' dir='ltr'>verbalia</span> <span class='ocrx_word' id='word_1_49' title='bbox 2420 1103 2799 1175; x_wconf 90' lang='lat' dir='ltr'><strong>notionem</strong></span> <span class='ocrx_word' id='word_1_50' title='bbox 2872 1104 2987 1174; x_wconf 90' lang='lat' dir='ltr'><strong>vel</strong></span> <span class='ocrx_word' id='word_1_51' title='bbox 3053 1102 3193 1173; x_wconf 90' lang='lat' dir='ltr'><strong>vim</strong></span> <span class='ocrx_word' id='word_1_52' title='bbox 3268 1101 3548 1173; x_wconf 87' lang='lat' dir='ltr'><strong>habent</strong></span> <span class='ocrx_word' id='word_1_53' title='bbox 3616 1100 4168 1173; x_wconf 88' lang='lat' dir='ltr'><strong>adiectivorum.</strong></span> 
     </span>
    </p>
   </div>
   <div class='ocr_carea' id='block_1_4' title="bbox 401 1262 4189 3504">
    <p class='ocr_par' dir='ltr' id='par_1_4' title="bbox 401 1262 4189 3504">
     <span class='ocr_line' id='line_1_7' title="bbox 717 1262 4183 1369; baseline -0.002 -28"><span class='ocrx_word' id='word_1_54' title='bbox 717 1264 810 1369; x_wconf 88' lang='lat' dir='ltr'><strong>b)</strong></span> <span class='ocrx_word' id='word_1_55' title='bbox 865 1267 1033 1341; x_wconf 86' lang='lat' dir='ltr'><strong>Huc</strong></span> <span class='ocrx_word' id='word_1_56' title='bbox 1063 1268 1336 1341; x_wconf 91' lang='lat' dir='ltr'><strong>deinde</strong></span> <span class='ocrx_word' id='word_1_57' title='bbox 1373 1266 1815 1340; x_wconf 84' lang='lat' dir='ltr'><strong>referendae</strong></span> <span class='ocrx_word' id='word_1_58' title='bbox 1855 1282 2021 1339; x_wconf 90' lang='lat' dir='ltr'><strong>sunt</strong></span> <span class='ocrx_word' id='word_1_59' title='bbox 2057 1263 2519 1339; x_wconf 85' lang='lat' dir='ltr'><strong>locutiones:</strong></span> <span class='ocrx_word' id='word_1_60' title='bbox 2586 1287 2846 1337; x_wconf 81' lang='lat' dir='ltr'><strong>»nemo</strong></span> <span class='ocrx_word' id='word_1_61' title='bbox 2885 1278 3025 1351; x_wconf 85' lang='lat' dir='ltr'><strong>est,</strong></span> <span class='ocrx_word' id='word_1_62' title='bbox 3058 1262 3223 1335; x_wconf 87' lang='lat' dir='ltr'>nihil</span> <span class='ocrx_word' id='word_1_63' title='bbox 3268 1276 3404 1351; x_wconf 89' lang='lat' dir='ltr'><strong>est,</strong></span> <span class='ocrx_word' id='word_1_64' title='bbox 3440 1262 3655 1357; x_wconf 83' lang='lat' dir='ltr'><strong>quin«</strong></span> <span class='ocrx_word' id='word_1_65' title='bbox 3692 1296 3708 1351; x_wconf 72' lang='grc' dir='ltr'><strong>ς</strong></span> <span class='ocrx_word' id='word_1_66' title='bbox 3765 1276 4065 1358; x_wconf 83' lang='lat' dir='ltr'><strong>praeter</strong></span> <span class='ocrx_word' id='word_1_67' title='bbox 4082 1288 4183 1335; x_wconf 89' lang='lat' dir='ltr'><strong>ea</strong></span> 
     </span>
     <span class='ocr_line' id='line_1_8' title="bbox 401 1396 4173 1499; baseline -0.001 -26"><span class='ocrx_word' id='word_1_68' title='bbox 401 1401 1028 1497; x_wconf 85' lang='lat' dir='ltr'><strong>interrogationes</strong></span> <span class='ocrx_word' id='word_1_69' title='bbox 1057 1418 1388 1499; x_wconf 87' lang='lat' dir='ltr'><strong>negante</strong></span> <span class='ocrx_word' id='word_1_70' title='bbox 1420 1426 1645 1473; x_wconf 90' lang='lat' dir='ltr'><strong>sensu</strong></span> <span class='ocrx_word' id='word_1_71' title='bbox 1674 1402 2074 1474; x_wconf 88' lang='lat' dir='ltr'><strong>instructae</strong></span> <span class='ocrx_word' id='word_1_72' title='bbox 2129 1396 2352 1472; x_wconf 91' lang='lat' dir='ltr'><strong>veluti</strong></span> <span class='ocrx_word' id='word_1_73' title='bbox 2418 1398 2625 1495; x_wconf 81' lang='lat' dir='ltr'><strong>»quis</strong></span> <span class='ocrx_word' id='word_1_74' title='bbox 2654 1414 2845 1482; x_wconf 74' lang='lat' dir='ltr'><strong>est«,</strong></span> <span class='ocrx_word' id='word_1_75' title='bbox 2902 1397 3163 1495; x_wconf 91' lang='lat' dir='ltr'><strong>quibus</strong></span> <span class='ocrx_word' id='word_1_76' title='bbox 3220 1398 3317 1468; x_wconf 91' lang='lat' dir='ltr'><strong>de</strong></span> <span class='ocrx_word' id='word_1_77' title='bbox 3370 1397 3750 1469; x_wconf 87' lang='lat' dir='ltr'><strong>structuris</strong></span> <span class='ocrx_word' id='word_1_78' title='bbox 3808 1422 4173 1492; x_wconf 88' lang='lat' dir='ltr'><strong>gramma-</strong></span> 
     </span>
     <span class='ocr_line' id='line_1_9' title="bbox 403 1528 4181 1628; baseline -0.002 -19"><span class='ocrx_word' id='word_1_79' title='bbox 403 1534 526 1609; x_wconf 87' lang='lat' dir='ltr'><strong>tici</strong></span> <span class='ocrx_word' id='word_1_80' title='bbox 581 1549 658 1609; x_wconf 90' lang='lat' dir='ltr'><strong>et</strong></span> <span class='ocrx_word' id='word_1_81' title='bbox 713 1551 1014 1609; x_wconf 89' lang='lat' dir='ltr'><strong>veteres</strong></span> <span class='ocrx_word' id='word_1_82' title='bbox 1072 1552 1151 1608; x_wconf 93' lang='lat' dir='ltr'><strong>et</strong></span> <span class='ocrx_word' id='word_1_83' title='bbox 1205 1536 1664 1611; x_wconf 83' lang='lat' dir='ltr'><strong>recentiores</strong></span> <span class='ocrx_word' id='word_1_84' title='bbox 1719 1536 2020 1607; x_wconf 88' lang='lat' dir='ltr'><strong>multum</strong></span> <span class='ocrx_word' id='word_1_85' title='bbox 2074 1531 2655 1628; x_wconf 88' lang='lat' dir='ltr'><strong>disputaverunt.</strong></span> <span class='ocrx_word' id='word_1_86' title='bbox 2746 1530 3157 1621; x_wconf 52' lang='lat' dir='ltr'><strong>‚Sententia</strong></span> <span class='ocrx_word' id='word_1_87' title='bbox 3211 1546 3458 1602; x_wconf 87' lang='lat' dir='ltr'><strong>autem</strong></span> <span class='ocrx_word' id='word_1_88' title='bbox 3516 1556 3707 1626; x_wconf 89' lang='lat' dir='ltr'><strong>quae</strong></span> <span class='ocrx_word' id='word_1_89' title='bbox 3767 1528 3967 1626; x_wconf 90' lang='lat' dir='ltr'><strong>apud</strong></span> <span class='ocrx_word' id='word_1_90' title='bbox 4022 1533 4181 1625; x_wconf 88' lang='lat' dir='ltr'><strong>ple-</strong></span> 
     </span>
     <span class='ocr_line' id='line_1_10' title="bbox 405 1662 4180 1765; baseline -0.002 -24"><span class='ocrx_word' id='word_1_91' title='bbox 405 1691 682 1765; x_wconf 85' lang='lat' dir='ltr'><strong>rosque</strong></span> <span class='ocrx_word' id='word_1_92' title='bbox 745 1694 1134 1747; x_wconf 83' lang='lat' dir='ltr'><strong>assensum</strong></span> <span class='ocrx_word' id='word_1_93' title='bbox 1190 1669 1475 1755; x_wconf 87' lang='lat' dir='ltr'><strong>invenit,</strong></span> <span class='ocrx_word' id='word_1_94' title='bbox 1534 1684 1674 1757; x_wconf 79' lang='lat' dir='ltr'><strong>est,</strong></span> <span class='ocrx_word' id='word_1_95' title='bbox 1732 1669 1804 1741; x_wconf 91' lang='lat' dir='ltr'><strong>in</strong></span> <span class='ocrx_word' id='word_1_96' title='bbox 1861 1664 2215 1764; x_wconf 87' lang='lat' dir='ltr'><strong>particula</strong></span> <span class='ocrx_word' id='word_1_97' title='bbox 2266 1667 2436 1761; x_wconf 89' lang='lat' dir='ltr'><strong>quin</strong></span> <span class='ocrx_word' id='word_1_98' title='bbox 2502 1666 2749 1737; x_wconf 89' lang='lat' dir='ltr'><strong>inesse</strong></span> <span class='ocrx_word' id='word_1_99' title='bbox 2804 1664 3315 1736; x_wconf 86' lang='lat' dir='ltr'><strong>nominativum</strong></span> <span class='ocrx_word' id='word_1_100' title='bbox 3368 1665 3822 1758; x_wconf 89' lang='lat' dir='ltr'><strong>pronominis</strong></span> <span class='ocrx_word' id='word_1_101' title='bbox 3880 1662 4180 1747; x_wconf 89' lang='lat' dir='ltr'><strong>relativi,</strong></span> 
     </span>
     <span class='ocr_line' id='line_1_11' title="bbox 407 1790 4183 1899; baseline -0.002 -22"><span class='ocrx_word' id='word_1_102' title='bbox 407 1818 636 1899; x_wconf 85' lang='lat' dir='ltr'><strong>atque</strong></span> <span class='ocrx_word' id='word_1_103' title='bbox 685 1802 858 1899; x_wconf 89' lang='lat' dir='ltr'><strong>quin</strong></span> <span class='ocrx_word' id='word_1_104' title='bbox 912 1802 1108 1876; x_wconf 87' lang='lat' dir='ltr'><strong>idern</strong></span> <span class='ocrx_word' id='word_1_105' title='bbox 1157 1828 1353 1892; x_wconf 87' lang='lat' dir='ltr'><strong>esse,</strong></span> <span class='ocrx_word' id='word_1_106' title='bbox 1415 1802 1621 1897; x_wconf 88' lang='lat' dir='ltr'><strong>quod</strong></span> <span class='ocrx_word' id='word_1_107' title='bbox 1679 1802 1799 1898; x_wconf 92' lang='lat' dir='ltr'><strong>qui</strong></span> <span class='ocrx_word' id='word_1_108' title='bbox 1857 1812 2108 1896; x_wconf 79' lang='lat' dir='ltr'><strong>(quae,</strong></span> <span class='ocrx_word' id='word_1_109' title='bbox 2165 1790 2397 1899; x_wconf 91' lang='lat' dir='ltr'><strong>quod)</strong></span> <span class='ocrx_word' id='word_1_110' title='bbox 2441 1823 2613 1871; x_wconf 89' lang='lat' dir='ltr'><strong>non.</strong></span> <span class='ocrx_word' id='word_1_111' title='bbox 2678 1798 2921 1891; x_wconf 81' lang='lat' dir='ltr'><strong>Quam</strong></span> <span class='ocrx_word' id='word_1_112' title='bbox 2950 1798 3389 1870; x_wconf 85' lang='lat' dir='ltr'><strong>sententiam</strong></span> <span class='ocrx_word' id='word_1_113' title='bbox 3446 1814 3654 1870; x_wconf 90' lang='lat' dir='ltr'><strong>recte</strong></span> <span class='ocrx_word' id='word_1_114' title='bbox 3706 1798 3909 1871; x_wconf 90' lang='lat' dir='ltr'><strong>reicit</strong></span> <span class='ocrx_word' id='word_1_115' title='bbox 3950 1798 4183 1870; x_wconf 86' lang='lat' dir='ltr'><strong>Krue-</strong></span> 
     </span>
     <span class='ocr_line' id='line_1_12' title="bbox 402 1930 4183 2038; baseline -0.001 -29"><span class='ocrx_word' id='word_1_116' title='bbox 402 1934 732 2038; x_wconf 76' lang='lat' dir='ltr'><strong>gerus⁶⁶)</strong></span> <span class='ocrx_word' id='word_1_117' title='bbox 783 1934 1128 2031; x_wconf 87' lang='lat' dir='ltr'><strong>exemplo</strong></span> <span class='ocrx_word' id='word_1_118' title='bbox 1173 1936 1396 2010; x_wconf 90' lang='lat' dir='ltr'><strong>allato</strong></span> <span class='ocrx_word' id='word_1_119' title='bbox 1445 1937 1648 2033; x_wconf 92' lang='lat' dir='ltr'><strong>quod</strong></span> <span class='ocrx_word' id='word_1_120' title='bbox 1678 1951 1792 2009; x_wconf 91' lang='lat' dir='ltr'><strong>est</strong></span> <span class='ocrx_word' id='word_1_121' title='bbox 1821 1936 1973 2009; x_wconf 90' lang='lat' dir='ltr'><strong>Cic.</strong></span> <span class='ocrx_word' id='word_1_122' title='bbox 2005 1934 2102 2007; x_wconf 91' lang='lat' dir='ltr'><strong>de</strong></span> <span class='ocrx_word' id='word_1_123' title='bbox 2134 1950 2281 2007; x_wconf 90' lang='lat' dir='ltr'><strong>nat.</strong></span> <span class='ocrx_word' id='word_1_124' title='bbox 2313 1932 2521 2006; x_wconf 86' lang='lat' dir='ltr'><strong>deor.</strong></span> <span class='ocrx_word' id='word_1_125' title='bbox 2556 1933 2634 2006; x_wconf 88' lang='grc' dir='ltr'><strong>ΙΙ.</strong></span> <span class='ocrx_word' id='word_1_126' title='bbox 2676 1957 2742 2022; x_wconf 89' lang='grc'><strong>9.</strong></span> <span class='ocrx_word' id='word_1_127' title='bbox 2782 1955 2910 2021; x_wconf 91' lang='lat'><strong>24:</strong></span> <span class='ocrx_word' id='word_1_128' title='bbox 2974 1930 3423 2005; x_wconf 81' lang='lat' dir='ltr'><strong>»Cleanthes</strong></span> <span class='ocrx_word' id='word_1_129' title='bbox 3479 1948 3711 2029; x_wconf 87' lang='lat' dir='ltr'><strong>negat</strong></span> <span class='ocrx_word' id='word_1_130' title='bbox 3738 1931 3953 2005; x_wconf 89' lang='lat' dir='ltr'><strong>ullum</strong></span> <span class='ocrx_word' id='word_1_131' title='bbox 4010 1958 4183 2005; x_wconf 89' lang='lat' dir='ltr'><strong>esse</strong></span> 
     </span>
     <span class='ocr_line' id='line_1_13' title="bbox 409 2064 4189 2165; baseline -0.001 -22"><span class='ocrx_word' id='word_1_132' title='bbox 409 2069 655 2143; x_wconf 87' lang='lat' dir='ltr'><strong>cibum</strong></span> <span class='ocrx_word' id='word_1_133' title='bbox 739 2086 892 2142; x_wconf 85' lang='lat' dir='ltr'><strong>tam</strong></span> <span class='ocrx_word' id='word_1_134' title='bbox 944 2092 1274 2165; x_wconf 86' lang='lat' dir='ltr'><strong>gravem,</strong></span> <span class='ocrx_word' id='word_1_135' title='bbox 1364 2070 1584 2165; x_wconf 89' lang='lat' dir='ltr'><strong>quin</strong></span> <span class='ocrx_word' id='word_1_136' title='bbox 1637 2070 1710 2141; x_wconf 90' lang='lat' dir='ltr'><strong>is</strong></span> <span class='ocrx_word' id='word_1_137' title='bbox 1763 2069 1886 2141; x_wconf 91' lang='lat' dir='ltr'><strong>die</strong></span> <span class='ocrx_word' id='word_1_138' title='bbox 1941 2086 2018 2141; x_wconf 91' lang='lat' dir='ltr'><strong>et</strong></span> <span class='ocrx_word' id='word_1_139' title='bbox 2071 2083 2297 2141; x_wconf 89' lang='lat' dir='ltr'><strong>nocte</strong></span> <span class='ocrx_word' id='word_1_140' title='bbox 2355 2081 2939 2162; x_wconf 79' lang='lat' dir='ltr'><strong>concoquatur.‹</strong></span> <span class='ocrx_word' id='word_1_141' title='bbox 3018 2109 3121 2121; x_wconf 89' lang='lat'><strong>——-</strong></span> <span class='ocrx_word' id='word_1_142' title='bbox 3206 2064 3397 2137; x_wconf 87' lang='lat' dir='ltr'><strong>Vide</strong></span> <span class='ocrx_word' id='word_1_143' title='bbox 3458 2081 3855 2161; x_wconf 87' lang='lat' dir='ltr'><strong>praeterea</strong></span> <span class='ocrx_word' id='word_1_144' title='bbox 3906 2066 4059 2141; x_wconf 90' lang='lat' dir='ltr'><strong>Cic.</strong></span> <span class='ocrx_word' id='word_1_145' title='bbox 4120 2068 4189 2139; x_wconf 91' lang='lat' dir='ltr'><strong>in</strong></span> 
     </span>
     <span class='ocr_line' id='line_1_14' title="bbox 405 2199 4178 2299; baseline -0.001 -24"><span class='ocrx_word' id='word_1_146' title='bbox 405 2204 613 2277; x_wconf 89' lang='lat' dir='ltr'><strong>Verr.</strong></span> <span class='ocrx_word' id='word_1_147' title='bbox 669 2202 718 2289; x_wconf 89' lang='lat' dir='ltr'><strong>I,</strong></span> <span class='ocrx_word' id='word_1_148' title='bbox 778 2222 874 2296; x_wconf 90' lang='lat'><strong>59</strong></span> <span class='ocrx_word' id='word_1_149' title='bbox 930 2206 978 2299; x_wconf 65' lang='grc' dir='ltr'>ξ</span> <span class='ocrx_word' id='word_1_150' title='bbox 1041 2222 1217 2296; x_wconf 89' lang='lat'>154:</span> <span class='ocrx_word' id='word_1_151' title='bbox 1299 2203 1529 2294; x_wconf 79' lang='lat' dir='ltr'><strong>»Quis</strong></span> <span class='ocrx_word' id='word_1_152' title='bbox 1615 2228 1932 2298; x_wconf 89' lang='lat' dir='ltr'><strong>unquam</strong></span> <span class='ocrx_word' id='word_1_153' title='bbox 1991 2199 2349 2299; x_wconf 89' lang='lat' dir='ltr'><strong>templum</strong></span> <span class='ocrx_word' id='word_1_154' title='bbox 2424 2199 2597 2273; x_wconf 90' lang='lat' dir='ltr'><strong>illud</strong></span> <span class='ocrx_word' id='word_1_155' title='bbox 2669 2201 2978 2295; x_wconf 82' lang='lat' dir='ltr'><strong>aspexit,</strong></span> <span class='ocrx_word' id='word_1_156' title='bbox 3064 2201 3236 2295; x_wconf 88' lang='lat' dir='ltr'><strong>quin</strong></span> <span class='ocrx_word' id='word_1_157' title='bbox 3316 2200 3663 2273; x_wconf 90' lang='lat' dir='ltr'><strong>avaritiae</strong></span> <span class='ocrx_word' id='word_1_158' title='bbox 3736 2216 3905 2272; x_wconf 89' lang='lat' dir='ltr'><strong>tuae</strong></span> <span class='ocrx_word' id='word_1_159' title='bbox 3962 2201 4178 2272; x_wconf 88' lang='lat' dir='ltr'><strong>testis</strong></span> 
     </span>
     <span class='ocr_line' id='line_1_15' title="bbox 408 2334 4180 2430; baseline -0.001 -19"><span class='ocrx_word' id='word_1_160' title='bbox 408 2334 659 2411; x_wconf 86' lang='lat' dir='ltr'><strong>esset?</strong></span> <span class='ocrx_word' id='word_1_161' title='bbox 790 2336 975 2428; x_wconf 79' lang='lat' dir='ltr'><strong>Quis</strong></span> <span class='ocrx_word' id='word_1_162' title='bbox 1052 2380 1150 2390; x_wconf 89' lang='lat'>—</span> <span class='ocrx_word' id='word_1_163' title='bbox 1233 2336 1299 2408; x_wconf 90' lang='lat' dir='ltr'><strong>in</strong></span> <span class='ocrx_word' id='word_1_164' title='bbox 1387 2335 1660 2407; x_wconf 89' lang='lat' dir='ltr'><strong>circum</strong></span> <span class='ocrx_word' id='word_1_165' title='bbox 1743 2335 2124 2407; x_wconf 84' lang='lat' dir='ltr'><strong>maximum</strong></span> <span class='ocrx_word' id='word_1_166' title='bbox 2199 2336 2446 2419; x_wconf 89' lang='lat' dir='ltr'><strong>venit,</strong></span> <span class='ocrx_word' id='word_1_167' title='bbox 2532 2335 2745 2430; x_wconf 90' lang='lat' dir='ltr'><strong>quin</strong></span> <span class='ocrx_word' id='word_1_168' title='bbox 2826 2334 2899 2406; x_wconf 90' lang='lat' dir='ltr'><strong>is</strong></span> <span class='ocrx_word' id='word_1_169' title='bbox 2985 2358 3438 2430; x_wconf 90' lang='lat' dir='ltr'><strong>unoquoque</strong></span> <span class='ocrx_word' id='word_1_170' title='bbox 3519 2336 3757 2429; x_wconf 85' lang='lat' dir='ltr'><strong>gradu</strong></span> <span class='ocrx_word' id='word_1_171' title='bbox 3823 2337 3919 2407; x_wconf 87' lang='lat' dir='ltr'><strong>de</strong></span> <span class='ocrx_word' id='word_1_172' title='bbox 4004 2361 4180 2407; x_wconf 86' lang='lat' dir='ltr'><strong>ava-</strong></span> 
     </span>
     <span class='ocr_line' id='line_1_16' title="bbox 403 2466 4179 2565; baseline -0.001 -22"><span class='ocrx_word' id='word_1_173' title='bbox 403 2469 568 2543; x_wconf 85' lang='lat' dir='ltr'><strong>ritia</strong></span> <span class='ocrx_word' id='word_1_174' title='bbox 618 2486 746 2545; x_wconf 89' lang='lat' dir='ltr'><strong>tua</strong></span> <span class='ocrx_word' id='word_1_175' title='bbox 773 2486 1360 2543; x_wconf 86' lang='lat' dir='ltr'><strong>commoneretur</strong></span> <span class='ocrx_word' id='word_1_176' title='bbox 1387 2470 1503 2565; x_wconf 80' lang='lat'><strong>?⁶⁷)</strong></span> <span class='ocrx_word' id='word_1_177' title='bbox 1561 2469 1944 2542; x_wconf 89' lang='lat' dir='ltr'><strong>Eiusmodi</strong></span> <span class='ocrx_word' id='word_1_178' title='bbox 1985 2470 2129 2542; x_wconf 90' lang='lat' dir='ltr'><strong>loci</strong></span> <span class='ocrx_word' id='word_1_179' title='bbox 2183 2466 2493 2541; x_wconf 87' lang='lat' dir='ltr'><strong>dilucide</strong></span> <span class='ocrx_word' id='word_1_180' title='bbox 2551 2469 3085 2555; x_wconf 85' lang='lat' dir='ltr'><strong>demonstrant,</strong></span> <span class='ocrx_word' id='word_1_181' title='bbox 3140 2468 3210 2538; x_wconf 92' lang='lat' dir='ltr'><strong>in</strong></span> <span class='ocrx_word' id='word_1_182' title='bbox 3250 2466 3603 2562; x_wconf 88' lang='lat' dir='ltr'><strong>particula</strong></span> <span class='ocrx_word' id='word_1_183' title='bbox 3656 2469 3825 2565; x_wconf 89' lang='lat' dir='ltr'><strong>quin</strong></span> <span class='ocrx_word' id='word_1_184' title='bbox 3882 2492 4025 2541; x_wconf 93' lang='lat' dir='ltr'><strong>non</strong></span> <span class='ocrx_word' id='word_1_185' title='bbox 4082 2468 4179 2541; x_wconf 89' lang='lat' dir='ltr'><strong>in·</strong></span> 
     </span>
     <span class='ocr_line' id='line_1_17' title="bbox 407 2600 4181 2699; baseline -0.001 -22"><span class='ocrx_word' id='word_1_186' title='bbox 407 2628 584 2679; x_wconf 86' lang='lat' dir='ltr'><strong>esse</strong></span> <span class='ocrx_word' id='word_1_187' title='bbox 613 2600 894 2676; x_wconf 73' lang='lat' dir='ltr'><strong>relativi</strong></span> <span class='ocrx_word' id='word_1_188' title='bbox 945 2604 1404 2699; x_wconf 88' lang='lat' dir='ltr'><strong>pronominis</strong></span> <span class='ocrx_word' id='word_1_189' title='bbox 1461 2603 1996 2688; x_wconf 86' lang='lat' dir='ltr'><strong>nominativum,</strong></span> <span class='ocrx_word' id='word_1_190' title='bbox 2059 2628 2222 2675; x_wconf 89' lang='lat' dir='ltr'><strong>cum</strong></span> <span class='ocrx_word' id='word_1_191' title='bbox 2286 2602 2435 2674; x_wconf 78' lang='lat' dir='ltr'><strong>»is«</strong></span> <span class='ocrx_word' id='word_1_192' title='bbox 2500 2626 2663 2674; x_wconf 89' lang='lat' dir='ltr'><strong>cum</strong></span> <span class='ocrx_word' id='word_1_193' title='bbox 2728 2601 2937 2696; x_wconf 75' lang='lat' dir='ltr'><strong>»qui«</strong></span> <span class='ocrx_word' id='word_1_194' title='bbox 2989 2602 3453 2673; x_wconf 90' lang='lat' dir='ltr'><strong>coniunctum</strong></span> <span class='ocrx_word' id='word_1_195' title='bbox 3506 2616 3759 2672; x_wconf 82' lang='lat' dir='ltr'><strong>extare</strong></span> <span class='ocrx_word' id='word_1_196' title='bbox 3816 2625 3966 2673; x_wconf 90' lang='lat' dir='ltr'><strong>non</strong></span> <span class='ocrx_word' id='word_1_197' title='bbox 3994 2625 4181 2696; x_wconf 88' lang='lat' dir='ltr'><strong>pos-</strong></span> 
     </span>
     <span class='ocr_line' id='line_1_18' title="bbox 404 2731 4179 2838; baseline -0.002 -24"><span class='ocrx_word' id='word_1_198' title='bbox 404 2738 522 2814; x_wconf 86' lang='lat' dir='ltr'><strong>sit.</strong></span> <span class='ocrx_word' id='word_1_199' title='bbox 576 2738 1006 2838; x_wconf 85' lang='lat' dir='ltr'><strong>Kruegerus</strong></span> <span class='ocrx_word' id='word_1_200' title='bbox 1060 2753 1308 2810; x_wconf 89' lang='lat' dir='ltr'><strong>autem</strong></span> <span class='ocrx_word' id='word_1_201' title='bbox 1362 2734 1627 2832; x_wconf 90' lang='lat' dir='ltr'><strong>aliique</strong></span> <span class='ocrx_word' id='word_1_202' title='bbox 1680 2736 1825 2809; x_wconf 70' lang='lat' dir='ltr'><strong>h&#39;oc</strong></span> <span class='ocrx_word' id='word_1_203' title='bbox 1884 2736 2054 2832; x_wconf 91' lang='lat' dir='ltr'><strong>quin</strong></span> <span class='ocrx_word' id='word_1_204' title='bbox 2110 2752 2349 2808; x_wconf 88' lang='lat' dir='ltr'><strong>ortum</strong></span> <span class='ocrx_word' id='word_1_205' title='bbox 2406 2760 2577 2807; x_wconf 88' lang='lat' dir='ltr'><strong>esse</strong></span> <span class='ocrx_word' id='word_1_206' title='bbox 2636 2758 2731 2806; x_wconf 88' lang='lat' dir='ltr'><strong>ex</strong></span> <span class='ocrx_word' id='word_1_207' title='bbox 2788 2733 2912 2828; x_wconf 76' lang='lat' dir='ltr'><strong>qui</strong></span> <span class='ocrx_word' id='word_1_208' title='bbox 2942 2731 3131 2824; x_wconf 77' lang='lat' dir='ltr'><strong>ne⁶⁸)</strong></span> <span class='ocrx_word' id='word_1_209' title='bbox 3190 2750 3451 2829; x_wconf 85' lang='lat' dir='ltr'><strong>putant</strong></span> <span class='ocrx_word' id='word_1_210' title='bbox 3484 2751 3709 2829; x_wconf 89' lang='lat' dir='ltr'><strong>atque</strong></span> <span class='ocrx_word' id='word_1_211' title='bbox 3766 2734 4179 2830; x_wconf 86' lang='lat' dir='ltr'><strong>significare</strong></span> 
     </span>
     <span class='ocr_line' id='line_1_19' title="bbox 409 2867 4175 2968; baseline -0.002 -21"><span class='ocrx_word' id='word_1_212' title='bbox 409 2875 606 2948; x_wconf 88' lang='lat' dir='ltr'><strong>idem</strong></span> <span class='ocrx_word' id='word_1_213' title='bbox 662 2872 867 2968; x_wconf 91' lang='lat' dir='ltr'><strong>quod</strong></span> <span class='ocrx_word' id='word_1_214' title='bbox 933 2890 1055 2945; x_wconf 78' lang='lat' dir='ltr'><strong>»ut</strong></span> <span class='ocrx_word' id='word_1_215' title='bbox 1109 2897 1330 2945; x_wconf 81' lang='lat' dir='ltr'><strong>non.‹</strong></span> <span class='ocrx_word' id='word_1_216' title='bbox 1449 2872 1604 2945; x_wconf 89' lang='lat' dir='ltr'><strong>Sed</strong></span> <span class='ocrx_word' id='word_1_217' title='bbox 1659 2871 1847 2943; x_wconf 89' lang='lat' dir='ltr'><strong>haec</strong></span> <span class='ocrx_word' id='word_1_218' title='bbox 1905 2895 2202 2966; x_wconf 89' lang='lat' dir='ltr'><strong>quoque</strong></span> <span class='ocrx_word' id='word_1_219' title='bbox 2274 2867 2659 2965; x_wconf 88' lang='lat' dir='ltr'><strong>explicatio</strong></span> <span class='ocrx_word' id='word_1_220' title='bbox 2726 2869 2955 2941; x_wconf 90' lang='lat' dir='ltr'><strong>minus</strong></span> <span class='ocrx_word' id='word_1_221' title='bbox 3012 2867 3277 2963; x_wconf 89' lang='lat' dir='ltr'><strong>placet.</strong></span> <span class='ocrx_word' id='word_1_222' title='bbox 3365 2868 3621 2964; x_wconf 89' lang='lat' dir='ltr'><strong>Atque</strong></span> <span class='ocrx_word' id='word_1_223' title='bbox 3676 2869 3945 2942; x_wconf 88' lang='lat' dir='ltr'><strong>rectius</strong></span> <span class='ocrx_word' id='word_1_224' title='bbox 3998 2872 4175 2941; x_wconf 88' lang='lat' dir='ltr'><strong>mul—</strong></span> 
     </span>
     <span class='ocr_line' id='line_1_20' title="bbox 407 3001 4181 3104; baseline -0.002 -23"><span class='ocrx_word' id='word_1_225' title='bbox 407 3025 636 3104; x_wconf 87' lang='lat' dir='ltr'><strong>toque</strong></span> <span class='ocrx_word' id='word_1_226' title='bbox 691 3001 1084 3102; x_wconf 86' lang='lat' dir='ltr'><strong>simplicius</strong></span> <span class='ocrx_word' id='word_1_227' title='bbox 1142 3004 1332 3079; x_wconf 89' lang='lat' dir='ltr'><strong>tales</strong></span> <span class='ocrx_word' id='word_1_228' title='bbox 1387 3023 1800 3078; x_wconf 87' lang='lat' dir='ltr'><strong>structurae</strong></span> <span class='ocrx_word' id='word_1_229' title='bbox 1857 3004 2022 3077; x_wconf 91' lang='lat' dir='ltr'><strong>mihi</strong></span> <span class='ocrx_word' id='word_1_230' title='bbox 2075 3003 2412 3076; x_wconf 89' lang='lat' dir='ltr'><strong>videntur</strong></span> <span class='ocrx_word' id='word_1_231' title='bbox 2469 3002 2821 3097; x_wconf 88' lang='lat' dir='ltr'><strong>explicari</strong></span> <span class='ocrx_word' id='word_1_232' title='bbox 2880 3027 2971 3074; x_wconf 84' lang='lat' dir='ltr'><strong>ex</strong></span> <span class='ocrx_word' id='word_1_233' title='bbox 3046 3001 3443 3096; x_wconf 77' lang='grc' dir='ltr'><em>παρατάξει</em></span> <span class='ocrx_word' id='word_1_234' title='bbox 3510 3018 3755 3098; x_wconf 81' lang='lat' dir='ltr'><strong>ortae3</strong></span> <span class='ocrx_word' id='word_1_235' title='bbox 3824 3001 4181 3097; x_wconf 88' lang='lat' dir='ltr'><strong>particula</strong></span> 
     </span>
     <span class='ocr_line' id='line_1_21' title="bbox 409 3121 4188 3238; baseline -0.002 -24"><span class='ocrx_word' id='word_1_236' title='bbox 409 3141 578 3238; x_wconf 91' lang='lat' dir='ltr'><strong>quin</strong></span> <span class='ocrx_word' id='word_1_237' title='bbox 651 3158 896 3213; x_wconf 91' lang='lat' dir='ltr'><strong>autem</strong></span> <span class='ocrx_word' id='word_1_238' title='bbox 951 3138 1553 3238; x_wconf 86' lang='lat' dir='ltr'><strong>significationem</strong></span> <span class='ocrx_word' id='word_1_239' title='bbox 1582 3140 1812 3214; x_wconf 85' lang='lat' dir='ltr'><strong>habet</strong></span> <span class='ocrx_word' id='word_1_240' title='bbox 1866 3121 2341 3233; x_wconf 83' lang='lat' dir='ltr'><strong>primitivam:</strong></span> <span class='ocrx_word' id='word_1_241' title='bbox 2412 3135 2576 3208; x_wconf 90' lang='lat' dir='ltr'><strong>Wie</strong></span> <span class='ocrx_word' id='word_1_242' title='bbox 2630 3135 2882 3209; x_wconf 90' lang='lat' dir='ltr'><strong>nicht?</strong></span> <span class='ocrx_word' id='word_1_243' title='bbox 2942 3135 3381 3230; x_wconf 82' lang='lat' dir='ltr'><strong>Quanquam</strong></span> <span class='ocrx_word' id='word_1_244' title='bbox 3438 3135 3837 3210; x_wconf 90' lang='lat' dir='ltr'><strong>notandum</strong></span> <span class='ocrx_word' id='word_1_245' title='bbox 3900 3151 4047 3220; x_wconf 88' lang='lat' dir='ltr'><strong>est,</strong></span> <span class='ocrx_word' id='word_1_246' title='bbox 4116 3137 4188 3208; x_wconf 91' lang='lat' dir='ltr'><strong>in</strong></span> 
     </span>
     <span class='ocr_line' id='line_1_22' title="bbox 410 3269 4173 3369; baseline -0.002 -20"><span class='ocrx_word' id='word_1_247' title='bbox 410 3274 766 3349; x_wconf 90' lang='lat' dir='ltr'><strong>eiusmodi</strong></span> <span class='ocrx_word' id='word_1_248' title='bbox 823 3272 1177 3369; x_wconf 78' lang='lat' dir='ltr'><strong>exemplis</strong></span> <span class='ocrx_word' id='word_1_249' title='bbox 1235 3299 1370 3346; x_wconf 92' lang='lat' dir='ltr'><strong>nos</strong></span> <span class='ocrx_word' id='word_1_250' title='bbox 1403 3298 1650 3344; x_wconf 89' lang='lat' dir='ltr'><strong>amare</strong></span> <span class='ocrx_word' id='word_1_251' title='bbox 1711 3273 2141 3367; x_wconf 87' lang='lat' dir='ltr'><strong>particulam</strong></span> <span class='ocrx_word' id='word_1_252' title='bbox 2182 3270 2355 3366; x_wconf 91' lang='lat' dir='ltr'><strong>quin</strong></span> <span class='ocrx_word' id='word_1_253' title='bbox 2405 3286 2697 3342; x_wconf 86' lang='lat' dir='ltr'><strong>vertere</strong></span> <span class='ocrx_word' id='word_1_254' title='bbox 2764 3271 2997 3342; x_wconf 77' lang='lat' dir='ltr'><strong>»ohne</strong></span> <span class='ocrx_word' id='word_1_255' title='bbox 3058 3297 3161 3354; x_wconf 86' lang='lat' dir='ltr'><strong>zu,</strong></span> <span class='ocrx_word' id='word_1_256' title='bbox 3232 3269 3428 3344; x_wconf 87' lang='lat' dir='ltr'><strong>ohne</strong></span> <span class='ocrx_word' id='word_1_257' title='bbox 3484 3270 3750 3350; x_wconf 86' lang='lat' dir='ltr'><strong>dass‹;</strong></span> <span class='ocrx_word' id='word_1_258' title='bbox 3806 3271 3945 3342; x_wconf 90' lang='lat' dir='ltr'><strong>sed</strong></span> <span class='ocrx_word' id='word_1_259' title='bbox 4000 3295 4173 3365; x_wconf 92' lang='lat' dir='ltr'><strong>pro-</strong></span> 
     </span>
     <span class='ocr_line' id='line_1_23' title="bbox 412 3402 3529 3504; baseline -0.002 -23"><span class='ocrx_word' id='word_1_260' title='bbox 412 3408 570 3504; x_wconf 91' lang='lat' dir='ltr'><strong>prie</strong></span> <span class='ocrx_word' id='word_1_261' title='bbox 627 3423 706 3481; x_wconf 93' lang='lat' dir='ltr'><strong>ut</strong></span> <span class='ocrx_word' id='word_1_262' title='bbox 762 3407 928 3493; x_wconf 92' lang='lat' dir='ltr'><strong>dixi,</strong></span> <span class='ocrx_word' id='word_1_263' title='bbox 985 3404 1102 3478; x_wconf 91' lang='lat' dir='ltr'><strong>illa</strong></span> <span class='ocrx_word' id='word_1_264' title='bbox 1156 3405 1546 3501; x_wconf 86' lang='lat' dir='ltr'><strong>significat:</strong></span> <span class='ocrx_word' id='word_1_265' title='bbox 1609 3405 1772 3479; x_wconf 91' lang='lat' dir='ltr'><strong>Wie</strong></span> <span class='ocrx_word' id='word_1_266' title='bbox 1829 3403 2040 3479; x_wconf 90' lang='lat' dir='ltr'><strong>sollte</strong></span> <span class='ocrx_word' id='word_1_267' title='bbox 2099 3404 2335 3477; x_wconf 88' lang='lat' dir='ltr'><strong>nicht?</strong></span> <span class='ocrx_word' id='word_1_268' title='bbox 2396 3402 2557 3474; x_wconf 88' lang='lat' dir='ltr'><strong>vide</strong></span> <span class='ocrx_word' id='word_1_269' title='bbox 2611 3402 2782 3474; x_wconf 88' lang='lat' dir='ltr'><strong>Ter.</strong></span> <span class='ocrx_word' id='word_1_270' title='bbox 2841 3403 3021 3475; x_wconf 91' lang='lat' dir='ltr'><strong>Eun.</strong></span> <span class='ocrx_word' id='word_1_271' title='bbox 3080 3402 3198 3477; x_wconf 94' lang='lat' dir='ltr'><strong>IV.</strong></span> <span class='ocrx_word' id='word_1_272' title='bbox 3270 3423 3329 3492; x_wconf 93' lang='lat'><strong>7.</strong></span> <span class='ocrx_word' id='word_1_273' title='bbox 3396 3427 3529 3475; x_wconf 89' lang='lat'><strong>21:</strong></span> 
     </span>
    </p>
   </div>
   <div class='ocr_carea' id='block_1_5' title="bbox 1161 3563 3773 3796">
    <p class='ocr_par' dir='ltr' id='par_1_5' title="bbox 1161 3563 3773 3796">
     <span class='ocr_line' id='line_1_24' title="bbox 1163 3563 3384 3664; baseline -0.004 -24"><span class='ocrx_word' id='word_1_274' title='bbox 1163 3568 1550 3664; x_wconf 90' lang='lat' dir='ltr'><strong>Nunquam</strong></span> <span class='ocrx_word' id='word_1_275' title='bbox 1608 3568 1914 3652; x_wconf 89' lang='lat' dir='ltr'><strong>acced0‚</strong></span> <span class='ocrx_word' id='word_1_276' title='bbox 1973 3567 2146 3661; x_wconf 91' lang='lat' dir='ltr'><strong>quin</strong></span> <span class='ocrx_word' id='word_1_277' title='bbox 2203 3565 2341 3637; x_wconf 87' lang='lat' dir='ltr'><strong>abs</strong></span> <span class='ocrx_word' id='word_1_278' title='bbox 2396 3579 2471 3636; x_wconf 92' lang='lat' dir='ltr'><strong>te</strong></span> <span class='ocrx_word' id='word_1_279' title='bbox 2530 3563 2796 3635; x_wconf 89' lang='lat' dir='ltr'><strong>abeam</strong></span> <span class='ocrx_word' id='word_1_280' title='bbox 2856 3563 3165 3644; x_wconf 87' lang='lat' dir='ltr'><strong>doctior.</strong></span> <span class='ocrx_word' id='word_1_281' title='bbox 3222 3564 3263 3634; x_wconf 90' lang='lat' dir='ltr'><strong>i.</strong></span> <span class='ocrx_word' id='word_1_282' title='bbox 3324 3591 3384 3636; x_wconf 88' lang='lat' dir='ltr'><strong>e.</strong></span> 
     </span>
     <span class='ocr_line' id='line_1_25' title="bbox 1161 3696 3773 3796; baseline -0.001 -22"><span class='ocrx_word' id='word_1_283' title='bbox 1161 3702 1487 3774; x_wconf 87' lang='lat' dir='ltr'><strong>Niemals</strong></span> <span class='ocrx_word' id='word_1_284' title='bbox 1545 3703 1842 3775; x_wconf 87' lang='lat' dir='ltr'><strong>komme</strong></span> <span class='ocrx_word' id='word_1_285' title='bbox 1898 3701 2008 3772; x_wconf 88' lang='lat' dir='ltr'><strong>ich</strong></span> <span class='ocrx_word' id='word_1_286' title='bbox 2063 3725 2148 3771; x_wconf 87' lang='lat' dir='ltr'><strong>zu</strong></span> <span class='ocrx_word' id='word_1_287' title='bbox 2202 3698 2313 3770; x_wconf 90' lang='lat' dir='ltr'><strong>dir</strong></span> <span class='ocrx_word' id='word_1_288' title='bbox 2382 3698 2571 3768; x_wconf 91' lang='lat' dir='ltr'><strong>ohne</strong></span> <span class='ocrx_word' id='word_1_289' title='bbox 2632 3697 2811 3796; x_wconf 82' lang='lat' dir='ltr'><strong>dass</strong></span> <span class='ocrx_word' id='word_1_290' title='bbox 2869 3696 2991 3768; x_wconf 88' lang='lat' dir='ltr'><strong>ich</strong></span> <span class='ocrx_word' id='word_1_291' title='bbox 3050 3697 3314 3792; x_wconf 77' lang='lat' dir='ltr'><strong>kliiger</strong></span> <span class='ocrx_word' id='word_1_292' title='bbox 3376 3698 3773 3796; x_wconf 88' lang='lat' dir='ltr'><strong>weggehe.</strong></span> 
     </span>
    </p>
   </div>
   <div class='ocr_carea' id='block_1_6' title="bbox 424 3857 4181 4757">
    <p class='ocr_par' dir='ltr' id='par_1_6' title="bbox 424 3857 4181 4757">
     <span class='ocr_line' id='line_1_26' title="bbox 763 3857 4181 3958; baseline -0.002 -20"><span class='ocrx_word' id='word_1_293' title='bbox 763 3865 922 3938; x_wconf 89' lang='lat' dir='ltr'><strong>Sed</strong></span> <span class='ocrx_word' id='word_1_294' title='bbox 1007 3865 1068 3936; x_wconf 89' lang='lat' dir='ltr'><strong>si</strong></span> <span class='ocrx_word' id='word_1_295' title='bbox 1151 3889 1197 3936; x_wconf 89' lang='lat' dir='ltr'><strong>a</strong></span> <span class='ocrx_word' id='word_1_296' title='bbox 1283 3861 1656 3958; x_wconf 89' lang='lat' dir='ltr'><strong>principali</strong></span> <span class='ocrx_word' id='word_1_297' title='bbox 1741 3859 2096 3936; x_wconf 89' lang='lat' dir='ltr'><strong>eiusmodi</strong></span> <span class='ocrx_word' id='word_1_298' title='bbox 2179 3860 2625 3932; x_wconf 89' lang='lat' dir='ltr'><strong>locutionem</strong></span> <span class='ocrx_word' id='word_1_299' title='bbox 2709 3857 3247 3955; x_wconf 85' lang='lat' dir='ltr'><strong>significatione</strong></span> <span class='ocrx_word' id='word_1_300' title='bbox 3320 3860 3913 3954; x_wconf 87' lang='lat' dir='ltr'><strong>proficiscamur,</strong></span> <span class='ocrx_word' id='word_1_301' title='bbox 4006 3858 4181 3932; x_wconf 85' lang='lat' dir='ltr'><strong>illud</strong></span> 
     </span>
     <span class='ocr_line' id='line_1_27' title="bbox 424 3993 2461 4092; baseline -0.002 -22"><span class='ocrx_word' id='word_1_302' title='bbox 424 3996 842 4092; x_wconf 88' lang='lat' dir='ltr'><strong>exemplum</strong></span> <span class='ocrx_word' id='word_1_303' title='bbox 903 4021 1068 4070; x_wconf 89' lang='lat' dir='ltr'><strong>mea</strong></span> <span class='ocrx_word' id='word_1_304' title='bbox 1125 3998 1494 4070; x_wconf 90' lang='lat' dir='ltr'><strong>sententia</strong></span> <span class='ocrx_word' id='word_1_305' title='bbox 1550 3997 1651 4069; x_wconf 90' lang='lat' dir='ltr'><strong>sic</strong></span> <span class='ocrx_word' id='word_1_306' title='bbox 1712 4011 1831 4067; x_wconf 87' lang='lat' dir='ltr'><strong>est</strong></span> <span class='ocrx_word' id='word_1_307' title='bbox 1883 3993 2461 4068; x_wconf 86' lang='lat' dir='ltr'><strong>dissolvendum:</strong></span> 
     </span>
     <span class='ocr_line' id='line_1_28' title="bbox 863 4122 3762 4221; baseline -0.001 -20"><span class='ocrx_word' id='word_1_308' title='bbox 863 4130 1186 4202; x_wconf 90' lang='lat' dir='ltr'><strong>Niemals</strong></span> <span class='ocrx_word' id='word_1_309' title='bbox 1243 4129 1536 4201; x_wconf 89' lang='lat' dir='ltr'><strong>komme</strong></span> <span class='ocrx_word' id='word_1_310' title='bbox 1592 4130 1710 4200; x_wconf 92' lang='lat' dir='ltr'><strong>ich</strong></span> <span class='ocrx_word' id='word_1_311' title='bbox 1763 4155 1847 4201; x_wconf 92' lang='lat' dir='ltr'><strong>zu</strong></span> <span class='ocrx_word' id='word_1_312' title='bbox 1906 4129 2050 4216; x_wconf 79' lang='lat' dir='ltr'><strong>dir;</strong></span> <span class='ocrx_word' id='word_1_313' title='bbox 2107 4129 2246 4200; x_wconf 87' lang='lat' dir='ltr'><strong>wie</strong></span> <span class='ocrx_word' id='word_1_314' title='bbox 2299 4129 2516 4200; x_wconf 89' lang='lat' dir='ltr'><strong>sollte</strong></span> <span class='ocrx_word' id='word_1_315' title='bbox 2574 4125 2688 4195; x_wconf 89' lang='lat' dir='ltr'><strong>ich</strong></span> <span class='ocrx_word' id='word_1_316' title='bbox 2747 4123 2949 4195; x_wconf 91' lang='lat' dir='ltr'><strong>nicht</strong></span> <span class='ocrx_word' id='word_1_317' title='bbox 2998 4122 3262 4217; x_wconf 81' lang='lat' dir='ltr'><strong>kliiger</strong></span> <span class='ocrx_word' id='word_1_318' title='bbox 3316 4125 3762 4221; x_wconf 86' lang='lat' dir='ltr'><strong>fortgehen?</strong></span> 
     </span>
     <span class='ocr_line' id='line_1_29' title="bbox 745 4255 4178 4357; baseline 0 -24"><span class='ocrx_word' id='word_1_319' title='bbox 745 4261 1006 4334; x_wconf 89' lang='lat' dir='ltr'><strong>Bacch.</strong></span> <span class='ocrx_word' id='word_1_320' title='bbox 1073 4272 1256 4354; x_wconf 83' lang='lat'>336:</span> <span class='ocrx_word' id='word_1_321' title='bbox 1320 4261 1604 4334; x_wconf 89' lang='lat' dir='ltr'><strong>Nullust</strong></span> <span class='ocrx_word' id='word_1_322' title='bbox 1657 4261 1937 4357; x_wconf 88' lang='lat' dir='ltr'><strong>Ephesi</strong></span> <span class='ocrx_word' id='word_1_323' title='bbox 1995 4263 2164 4357; x_wconf 91' lang='lat' dir='ltr'><strong>quin</strong></span> <span class='ocrx_word' id='word_1_324' title='bbox 2223 4260 2449 4333; x_wconf 90' lang='lat' dir='ltr'><strong>sciat:</strong></span> <span class='ocrx_word' id='word_1_325' title='bbox 2540 4257 2907 4329; x_wconf 90' lang='lat' dir='ltr'><strong>Niemand</strong></span> <span class='ocrx_word' id='word_1_326' title='bbox 2981 4255 3135 4329; x_wconf 90' lang='lat' dir='ltr'><strong>lebt</strong></span> <span class='ocrx_word' id='word_1_327' title='bbox 3187 4258 3256 4331; x_wconf 92' lang='lat' dir='ltr'><strong>in</strong></span> <span class='ocrx_word' id='word_1_328' title='bbox 3310 4257 3699 4355; x_wconf 90' lang='lat' dir='ltr'><strong>Ephesus;</strong></span> <span class='ocrx_word' id='word_1_329' title='bbox 3769 4262 3907 4333; x_wconf 88' lang='lat' dir='ltr'><strong>wie</strong></span> <span class='ocrx_word' id='word_1_330' title='bbox 3964 4260 4178 4334; x_wconf 90' lang='lat' dir='ltr'><strong>sollte</strong></span> 
     </span>
     <span class='ocr_line' id='line_1_30' title="bbox 853 4396 1727 4469; baseline -0.001 0"><span class='ocrx_word' id='word_1_331' title='bbox 853 4422 938 4469; x_wconf 91' lang='lat' dir='ltr'><strong>er</strong></span> <span class='ocrx_word' id='word_1_332' title='bbox 991 4396 1130 4469; x_wconf 89' lang='lat' dir='ltr'><strong>das</strong></span> <span class='ocrx_word' id='word_1_333' title='bbox 1185 4396 1382 4468; x_wconf 90' lang='lat' dir='ltr'><strong>nicht</strong></span> <span class='ocrx_word' id='word_1_334' title='bbox 1436 4397 1727 4468; x_wconf 88' lang='lat' dir='ltr'><strong>wissen.</strong></span> 
     </span>
     <span class='ocr_line' id='line_1_31' title="bbox 749 4521 3389 4625; baseline -0.001 -23"><span class='ocrx_word' id='word_1_335' title='bbox 749 4531 862 4602; x_wconf 90' lang='lat' dir='ltr'><strong>En</strong></span> <span class='ocrx_word' id='word_1_336' title='bbox 915 4531 1120 4603; x_wconf 90' lang='lat' dir='ltr'><strong>huius</strong></span> <span class='ocrx_word' id='word_1_337' title='bbox 1172 4529 1541 4602; x_wconf 89' lang='lat' dir='ltr'><strong>idiomatis</strong></span> <span class='ocrx_word' id='word_1_338' title='bbox 1599 4528 1956 4625; x_wconf 89' lang='lat' dir='ltr'><strong>exempla,</strong></span> <span class='ocrx_word' id='word_1_339' title='bbox 2013 4555 2205 4625; x_wconf 89' lang='lat' dir='ltr'><strong>quae</strong></span> <span class='ocrx_word' id='word_1_340' title='bbox 2266 4527 2465 4622; x_wconf 89' lang='lat' dir='ltr'><strong>apud</strong></span> <span class='ocrx_word' id='word_1_341' title='bbox 2517 4521 2845 4596; x_wconf 90' lang='lat' dir='ltr'><strong>Plautum</strong></span> <span class='ocrx_word' id='word_1_342' title='bbox 2902 4523 3389 4600; x_wconf 85' lang='lat' dir='ltr'><strong>inveniuntur:</strong></span> 
     </span>
     <span class='ocr_line' id='line_1_32' title="bbox 753 4653 3093 4757; baseline -0.001 -23"><span class='ocrx_word' id='word_1_343' title='bbox 753 4663 1022 4740; x_wconf 88' lang='lat' dir='ltr'><strong>Bacch.</strong></span> <span class='ocrx_word' id='word_1_344' title='bbox 1095 4687 1332 4736; x_wconf 86' lang='lat'>1012:</span> <span class='ocrx_word' id='word_1_345' title='bbox 1392 4663 1578 4740; x_wconf 83' lang='lat' dir='ltr'><strong>Nihil</strong></span> <span class='ocrx_word' id='word_1_346' title='bbox 1637 4680 1758 4736; x_wconf 88' lang='lat' dir='ltr'><strong>est</strong></span> <span class='ocrx_word' id='word_1_347' title='bbox 1808 4660 2344 4757; x_wconf 75' lang='lat' dir='ltr'><strong>illorum‚·quin</strong></span> <span class='ocrx_word' id='word_1_348' title='bbox 2401 4683 2550 4756; x_wconf 82' lang='lat' dir='ltr'><strong>ego</strong></span> <span class='ocrx_word' id='word_1_349' title='bbox 2606 4653 2697 4726; x_wconf 88' lang='lat' dir='ltr'><strong>illi</strong></span> <span class='ocrx_word' id='word_1_350' title='bbox 2765 4656 3093 4732; x_wconf 87' lang='lat' dir='ltr'><strong>dixerim.</strong></span> 
     </span>
    </p>
   </div>
   <div class='ocr_carea' id='block_1_7' title="bbox 739 4985 3377 5322">
    <p class='ocr_par' dir='ltr' id='par_1_7' title="bbox 739 4985 3377 5322">
     <span class='ocr_line' id='line_1_33' title="bbox 741 4985 2697 5088; baseline 0.007 -25"><span class='ocrx_word' id='word_1_351' title='bbox 741 5001 822 5088; x_wconf 78' lang='lat'><strong>⁶⁶)</strong></span> <span class='ocrx_word' id='word_1_352' title='bbox 874 5003 952 5070; x_wconf 85' lang='lat' dir='ltr'><strong>cs.</strong></span> <span class='ocrx_word' id='word_1_353' title='bbox 1003 5001 1290 5072; x_wconf 77' lang='lat' dir='ltr'><strong>Gramm,</strong></span> <span class='ocrx_word' id='word_1_354' title='bbox 1341 5007 1456 5068; x_wconf 89' lang='lat' dir='ltr'><strong>der</strong></span> <span class='ocrx_word' id='word_1_355' title='bbox 1498 5005 1712 5070; x_wconf 88' lang='lat' dir='ltr'><strong>latein.</strong></span> <span class='ocrx_word' id='word_1_356' title='bbox 1763 4985 2055 5085; x_wconf 87' lang='lat' dir='ltr'><strong>Sprache</strong></span> <span class='ocrx_word' id='word_1_357' title='bbox 2103 5004 2138 5086; x_wconf 63' lang='lat'>5</span> <span class='ocrx_word' id='word_1_358' title='bbox 2193 5015 2311 5082; x_wconf 88' lang='grc'><strong>595</strong></span> <span class='ocrx_word' id='word_1_359' title='bbox 2366 5003 2585 5070; x_wconf 83' lang='lat' dir='ltr'><strong>adnot.</strong></span> <span class='ocrx_word' id='word_1_360' title='bbox 2642 5025 2697 5087; x_wconf 87' lang='lat'><strong>3-</strong></span> 
     </span>
     <span class='ocr_line' id='line_1_34' title="bbox 739 5115 3377 5204; baseline 0.014 -46"><span class='ocrx_word' id='word_1_361' title='bbox 739 5115 815 5203; x_wconf 71' lang='grc'><strong>67)</strong></span> <span class='ocrx_word' id='word_1_362' title='bbox 861 5119 1052 5182; x_wconf 65' lang='lat' dir='ltr'><strong>Plura</strong></span> <span class='ocrx_word' id='word_1_363' title='bbox 1099 5121 1402 5204; x_wconf 74' lang='lat' dir='ltr'><strong>exempla</strong></span> <span class='ocrx_word' id='word_1_364' title='bbox 1449 5120 1714 5196; x_wconf 77' lang='lat' dir='ltr'><strong>exhibet</strong></span> <span class='ocrx_word' id='word_1_365' title='bbox 1761 5119 2058 5192; x_wconf 82' lang='lat' dir='ltr'><strong>HaasiuS,</strong></span> <span class='ocrx_word' id='word_1_366' title='bbox 2110 5119 2350 5201; x_wconf 87' lang='lat' dir='ltr'><strong>Reisig.</strong></span> <span class='ocrx_word' id='word_1_367' title='bbox 2400 5121 2613 5189; x_wconf 82' lang='lat' dir='ltr'><strong>VorIS.</strong></span> <span class='ocrx_word' id='word_1_368' title='bbox 2666 5124 2892 5188; x_wconf 86' lang='lat' dir='ltr'><strong>adnot.</strong></span> <span class='ocrx_word' id='word_1_369' title='bbox 2941 5139 3069 5202; x_wconf 92' lang='lat'><strong>492</strong></span> <span class='ocrx_word' id='word_1_370' title='bbox 3122 5143 3183 5204; x_wconf 84' lang='lat' dir='ltr'><strong>p-</strong></span> <span class='ocrx_word' id='word_1_371' title='bbox 3238 5125 3377 5202; x_wconf 88' lang='grc'>578-</span> 
     </span>
     <span class='ocr_line' id='line_1_35' title="bbox 745 5232 2709 5322; baseline 0.004 -26"><span class='ocrx_word' id='word_1_372' title='bbox 745 5232 819 5322; x_wconf 82' lang='lat'><strong>⁶⁸)</strong></span> <span class='ocrx_word' id='word_1_373' title='bbox 863 5235 1257 5320; x_wconf 82' lang='lat' dir='ltr'><strong>Kruegerus,</strong></span> <span class='ocrx_word' id='word_1_374' title='bbox 1309 5235 1594 5298; x_wconf 87' lang='lat' dir='ltr'><strong>Gramm.</strong></span> <span class='ocrx_word' id='word_1_375' title='bbox 1647 5236 1706 5297; x_wconf 94' lang='lat' dir='ltr'><strong>d.</strong></span> <span class='ocrx_word' id='word_1_376' title='bbox 1761 5235 1864 5296; x_wconf 90' lang='lat' dir='ltr'><strong>lat.</strong></span> <span class='ocrx_word' id='word_1_377' title='bbox 1918 5235 2063 5318; x_wconf 88' lang='lat' dir='ltr'><strong>Spr.</strong></span> <span class='ocrx_word' id='word_1_378' title='bbox 2113 5239 2154 5316; x_wconf 65' lang='lat' dir='ltr'><strong>g</strong></span> <span class='ocrx_word' id='word_1_379' title='bbox 2211 5250 2329 5318; x_wconf 88' lang='grc'><strong>595</strong></span> <span class='ocrx_word' id='word_1_380' title='bbox 2380 5239 2595 5304; x_wconf 86' lang='lat' dir='ltr'><strong>adnot.</strong></span> <span class='ocrx_word' id='word_1_381' title='bbox 2652 5257 2709 5320; x_wconf 88' lang='lat'><strong>3.</strong></span> 
     </span>
    </p>
   </div>
  </div>
 </body>
</html>
