4409 5675
2268 334 2305 397 8

725 539 926 613 Trin.
999 544 1174 629 146:
1233 538 1883 634 Circumspicedum
1938 557 2012 613 te
2073 585 2176 599 α·-
2238 544 2431 637 (nam
2486 543 2725 636 optoz)

1200 698 1292 745 ne
1349 674 1508 773 quis
1568 673 1760 747 adsit
1815 675 2090 749 arbiter
2141 675 2375 747 nobis,

727 810 918 883 Men.
985 810 1174 902 850:
1233 808 1404 906 fuge
1463 809 1758 883 domurn
1813 826 2162 906 quantum
2220 826 2498 905 potest,
2558 856 2656 865 --

1257 948 1452 1041 (narn
1508 944 1908 1041 optandum
1965 948 2146 1023 estti
2207 970 2301 1017 ne
2357 944 2473 1017 hic
2531 961 2605 1017 te
2660 946 3035 1019 obtundat.

733 1080 958 1152 Most.
1023 1084 1204 1169 774:
1263 1080 1580 1152 obsecro

1257 1238 1347 1286 ne
1429 1214 1763 1286 indicium
1844 1238 1975 1285 ero
2045 1214 2269 1286 facias
2338 1238 2507 1286 meo
2580 1258 2676 1268 —-
2750 1230 2952 1311 quod
3034 1217 3141 1287 sic
3209 1216 3718 1313 explicandum
3784 1238 3929 1293 est:
4039 1223 4161 1293 Ich

410 1350 840 1423 beschwore
895 1349 1060 1422 dich
1125 1397 1214 1407 --
1264 1359 1557 1447 mogest
1609 1351 1706 1421 du
1762 1348 1953 1423 doch
1998 1350 2080 1445 ja
2133 1350 2323 1421 nicht
2375 1346 2708 1446 Anzeige
2768 1348 3019 1423 davon
3078 1353 3415 1424 macheu!

729 1483 919 1558 Rud.
988 1503 1173 1579 777:
1259 1482 1468 1557 Hunc
1527 1508 1820 1583 quoque
1877 1483 2190 1556 adserva
2245 1483 2501 1580 ipsum,
2557 1508 2652 1556 ne
2712 1508 2859 1581 quo
2914 1484 3168 1560 abitat.

1253 1620 1328 1692 id
1383 1634 1532 1692 est:
1591 1619 1909 1691 adserva
1965 1618 2198 1714 ipsum
2254 1662 2355 1672 --
2417 1629 2611 1719 (nam
2670 1637 2784 1691 est
2842 1623 3273 1716 optandum)
3332 1648 3425 1694 ne
3481 1648 3629 1722 quo
3687 1624 3938 1697 abitat.

727 1752 989 1827 Pseud.
1043 1755 1215 1825 128:
1269 1769 1579 1826 caveant
1633 1796 1736 1808 —
1791 1757 1985 1847 (narn
2044 1753 2446 1850 optandum
2503 1769 2618 1825 est
2642 1756 2685 1849 :)
2749 1780 2839 1827 ne
2896 1758 3205 1829 credant
3258 1757 3447 1830 mihi.

735 1890 879 1963 Mil.
942 1908 1126 1983 575:
1227 1886 1598 1985 Numquid
1656 1912 1840 1960 nunc
1895 1886 2085 1961 aliud
2143 1912 2259 1961 me
2318 1886 2465 1962 vis?

2464 2049 2556 2097 ne
2611 2048 2730 2096 me
2786 2024 3099 2097 noveris.

1253 2156 1711 2232 Wiinschest
1763 2159 1859 2230 du
1913 2158 2106 2231 noch
2164 2160 2445 2231 etwas?

2262 2292 2460 2367 Dass
2516 2296 2612 2368 du
2670 2296 2852 2369 mich
2910 2320 3038 2368 nur
3092 2296 3175 2393 ja
3230 2296 3423 2368 nicht
3478 2298 3767 2369 kennen
3822 2306 4151 2393 m‘ogest!

729 2428 1290 2529 Nonnumquam
1343 2429 1704 2503 invenitur
1757 2430 2058 2502 verbum
2127 2429 2426 2502 videndi
2484 2431 2755 2503 eodem
2812 2433 3055 2515 mod0‚
3124 2457 3272 2527 quo
3335 2434 3633 2506 timendi
3690 2450 4155 2531 usurpatum:

411 2565 608 2639 velut
661 2566 929 2639 Bacch.
992 2588 1174 2659 744:

733 2714 868 2789 set,
927 2716 1159 2796 pater,
1215 2698 1388 2771 vide
1446 2725 1537 2772 ne
1594 2698 1721 2771 tibi
1774 2698 1996 2772 hodie
2053 2700 2285 2773 verba
2338 2701 2489 2773 det.

729 2834 808 2908 Id
866 2851 1016 2909 est:
1076 2833 1252 2908 Sieh
1306 2833 1469 2908 dich
1526 2860 1703 2924 vor·‚
1760 2879 1858 2889 -—
1918 2879 2016 2888 —
2074 2847 2295 2933 moge
2351 2861 2433 2908 er
2489 2834 2656 2908 dich
2712 2861 2842 2910 nur
2894 2836 3088 2910 nicht
3140 2863 3297 2910 zum
3356 2836 3625 2910 Besten
3683 2836 3961 2911 haben!

731 2971 948 3067 Capt.
1009 2973 1194 3065 5842
1250 2972 1422 3044 vide
1477 2971 1576 3045 sis
1631 2995 1722 3044 ne
1780 2970 1953 3067 quid
2006 2985 2081 3044 tu
2136 2971 2297 3043 huic
2355 2988 2633 3046 temere
2690 2971 2979 3045 insistas
3034 2973 3366 3046 credere.

728 3106 958 3180 Porro
999 3106 1522 3206 aggrediamur
1560 3107 1656 3179 ad
1695 3132 1899 3179 usum
1938 3104 2339 3202 particulae
2382 3135 2423 3180 u
2448 3125 2476 3180 t
2511 3105 3039 3204 explicandum.
3062 3109 3073 3120 ’
3100 3107 3315 3202 Quae
3357 3112 3708 3205 particula
3747 3111 4153 3183 derivanda

411 3263 532 3320 est
587 3244 683 3317 ab
739 3242 1149 3340 antiquiore
1215 3242 1454 3314 forma
1517 3243 1616 3314 uti
1685 3239 1806 3314 vel
1881 3243 2046 3328 utei,
2103 3243 2225 3340 qui
2277 3260 2395 3316 est
2467 3244 2802 3339 antiquus
2869 3241 3218 3317 locativus
3281 3246 3525 3341 stirpis
3578 3260 3828 3319 u—-ta.
3945 3246 4153 3318 Haec

412 3398 656 3455 autem
715 3376 1087 3476 particula,
1143 3377 1344 3450 cuius
1411 3393 1720 3473 utraque
1784 3377 2019 3450 forma
2081 3397 2159 3452 ut
2224 3395 2447 3474 atque
2512 3379 2610 3450 uti
2683 3380 2882 3473 apud
2940 3377 3263 3450 Plautum
3334 3377 3632 3475 legitur,
3697 3406 3744 3453 a
3798 3381 4149 3476 principio

413 3518 567 3591 sine
622 3513 762 3588 ulla
818 3512 1271 3587 dubitatione
1327 3512 1453 3584 fuit
1505 3511 1573 3584 in
1631 3514 1905 3608 optatis
1959 3530 2330 3609 usurpata,
2390 3511 2917 3609 significatione
2959 3513 3225 3584 eadem
3282 3514 3620 3607 praedita
3658 3539 3821 3606 =qua
3877 3513 4151 3586 utinam

412 3652 791 3750 particula.
905 3649 1068 3722 Hoc
1121 3648 1310 3722 enim
1362 3661 1724 3721 testantur
1773 3646 1970 3722 multi
2029 3647 2225 3744 apud
2282 3647 2607 3721 Plautum
2662 3667 2739 3719 et
2792 3646 3217 3719 Terentium
3270 3645 3432 3719 loci.

733 3785 822 3857 cf.
877 3783 1106 3856 Poen.
1167 3805 1356 3871 901:
1415 3780 1672 3856 valeas
1727 3784 2072 3880 beneque
2126 3800 2206 3856 ut
2262 3785 2356 3856 sit
2408 3783 2552 3856 tibi.

728 3917 893 3994 Aul.
955 3921 1141 4014 778:
1197 3933 1276 3990 ut
1325 3915 1514 3991 illum
1569 3917 1642 3990 di
1697 3915 2137 3991 immortales
2196 3943 2456 3991 omnes
2511 3917 2850 4012 deaeque
2908 3931 3328 4011 quantumst
3383 3916 3747 4011 perduint.

730 4054 899 4128 Cas,
970 4062 1153 4145 196:
1209 4067 1286 4124 ut
1337 4051 1628 4148 quidem
1684 4049 1805 4157 pq
1862 4077 2135 4147 pereas
2187 4053 2505 4125 cruciatu
2562 4049 2773 4123 malo,

947 4195 1122 4277 296:
1182 4202 1256 4258 tu
1309 4203 1386 4258 ut
1439 4184 1809 4281 liquescas
1867 4184 2046 4279 ipse.
2105 4183 2278 4279 (Ubi
2338 4185 2556 4257 etiam
2610 4183 2965 4280 particula
3022 4185 3291 4258 utinam
3346 4187 3769 4282 antecedit.)

729 4323 906 4396 Ter.
965 4320 1144 4393 Eun.
1197 4321 1274 4394 II.
1336 4344 1404 4413 3.
1477 4345 1587 4393 11.
1643 4335 1721 4391 ut
1771 4316 1962 4390 illum
2020 4315 2094 4389 di
2154 4317 2496 4414 deaeque
2556 4319 2829 4392 senium
2882 4320 3215 4414 perdant.

729 4455 896 4554 Qua
949 4481 1030 4528 re
1086 4454 1412 4540 efficitur,
1469 4468 1548 4526 ut
1600 4451 1838 4525 omnia
1893 4450 2373 4524 ut·enuntiata
2429 4467 2503 4526 et
2554 4478 2601 4526 a
2653 4455 2882 4524 verbo
2922 4477 3373 4549 praegresso
3426 4455 3827 4550 pendentia
3882 4471 3959 4526 et
4013 4478 4149 4548 per

413 4618 497 4666 se
552 4591 874 4665 extantia
929 4588 1480 4688 proficiscantur
1530 4587 1625 4660 ab
1679 4585 2076 4670 sententiiS,
2132 4611 2323 4681 quae
2378 4605 2544 4660 sunt
2598 4587 2952 4683 optantis;
3007 4605 3084 4660 ut
3138 4589 3206 4660 in
3263 4615 3496 4686 pauca
3555 4590 3965 4663 conseram:
4023 4585 4145 4657 Ab

413 4727 787 4799 sententiis
882 4725 1220 4823 optativis
1295 4720 1756 4817 repetendae
1831 4733 1994 4792 sunt
2073 4745 2333 4793 omnes
2407 4722 2821 4795 sententiae
2891 4719 3009 4795 vel
3094 4724 3609 4797 consecutivae
3674 4722 3791 4798 vel
3866 4717 4144 4796 finales

413 4859 632 4932 Haud
707 4884 875 4932 raro
947 4874 1191 4930 autem
1259 4854 1457 4951 apud
1522 4852 1844 4927 Plautum
1913 4854 2226 4928 occurrit
2302 4856 2786 4945 enuntiatum,
2866 4857 2935 4928 in
3002 4880 3149 4952 quo
3204 4857 3559 4952 particula
3632 4874 3710 4930 ut
3772 4854 4147 4929 consilium

410 4994 749 5091 exprimit
781 4994 882 5066 ita
920 5009 997 5062 ut
1037 5016 1178 5064 non
1216 4990 1547 5084 pendeat
1577 5014 1620 5060 a
1655 4989 1891 5060 verbo
1930 4991 2251 5084 quodam
2290 5015 2773 5086 praegresso;
2828 4990 2911 5062 cs.
2956 4989 3157 5062 Asin.
3220 5014 3255 5060 2
3269 5015 3392 5082 34:
3435 5007 3551 5062 set
3586 4991 3653 5060 in
3692 4990 3903 5082 legas
3946 5013 4150 5060 meas

2844 5123 3096 5208 Dabo,
3147 5123 3243 5194 uti
3308 5125 3495 5194 scire
3556 5122 3833 5217 possiS‚
3884 5147 4149 5217 perpe-

2839 5273 3032 5328 tuom
3055 5279 3317 5326 annum
3339 5259 3519 5327 hunc
3544 5255 3705 5328 mihi
3724 5255 3823 5328 uti
3864 5256 4149 5330 serviat.
