4409 5675
2177 424 2243 468 11

331 617 734 711 praebere:
792 640 879 687 so
937 615 1114 687 dass
1171 616 1387 688 nicht.
1504 616 1744 709 Quam
1783 618 2217 691 sententiam
2272 614 2387 686 alii
2440 616 2540 687 ita
2597 616 3197 703 emendaverunt,
3254 633 3331 688 ut
3382 616 3450 687 in
3507 612 3865 710 particula
3911 615 4081 710 quin

330 750 578 822 inesse
631 766 958 823 statuant
1009 750 1396 823 ablativum
1450 753 1900 846 pronominis
1965 766 2042 823 et
2098 748 2379 824 relativi
2446 765 2523 822 et
2576 746 3196 847 interrogativi.¹⁵)
3262 750 3523 822 Putant
3578 750 3770 824 enim
3824 751 4077 823 adver-

325 883 520 955 bium
551 884 722 980 quin
765 902 1106 957 constare
1149 910 1242 956 ex
1280 887 1722 979 pronominis
1770 888 2007 959 inter
2028 886 2428 983 rogativi
2469 884 2785 958 ablativo
2824 900 2902 957 et
2938 885 3233 981 antiqua
3271 884 3664 979 negatione
3706 909 3823 973 ne,
3881 882 4073 957 illam

331 1032 570 1090 autem
627 1016 1048 1113 particulam
1104 1020 1292 1114 quin,
1355 1046 1546 1115 quae
1604 1046 1763 1092 cum
1822 1020 2275 1093 coniunctivo
2331 1022 2836 1118 coniungatur,
2895 1018 3376 1116 repetendam
3434 1044 3605 1091 esse
3666 1020 3763 1091 ab
3819 1043 4077 1116 prono-

329 1152 536 1224 minis
589 1150 961 1225 relativi
1017 1152 1329 1226 ablativo
1391 1169 1466 1226 et
1519 1156 1916 1251 negatione
1987 1182 2098 1226 ne.
2221 1155 2375 1227 Sed
2446 1156 2790 1250 equidem
2847 1180 2981 1249 pro
3050 1171 3255 1227 certo
3310 1152 3583 1238 habe0,
3644 1150 4067 1249 particulam

334 1287 510 1383 quin
581 1304 818 1359 ortam
895 1314 1062 1361 esse
1139 1314 1231 1359 ex
1299 1290 1533 1361 forma
1611 1291 1768 1384 qui,
1845 1288 2160 1361 ablativo
2236 1290 2679 1385 pronominis
2755 1290 3246 1386 interrogativi
3326 1302 3551 1383 atque
3629 1314 3721 1360 ex
3784 1288 4079 1384 antiqua

325 1422 730 1515 negatione
785 1448 896 1507 ne,
965 1423 1492 1519 significatione
1567 1425 1974 1519 praeditam
2048 1425 2314 1497 hacce:
2373 1424 2509 1495 wie
2578 1424 2807 1496 nicht?
2870 1450 2994 1495 cur
3049 1422 3236 1495 non?
3302 1466 3403 1477 —--
3460 1424 3613 1496 Sed
3672 1423 4075 1496 cavendum

329 1573 470 1644 est,
528 1582 622 1628 ne
681 1556 851 1629 illud
909 1559 1031 1653 qui
1088 1560 1158 1630 in
1215 1560 1380 1653 quin
1437 1577 1695 1632 extans
1738 1560 2223 1631 confundatur
2276 1584 2433 1630 cum
2488 1556 2608 1630 illo
2650 1561 2773 1655 qui
2828 1560 2895 1629 in
2954 1558 3622 1631 asseverationibus
3681 1575 4071 1656 usurpato3

331 1686 414 1758 cf.
470 1690 661 1761 Men.
722 1715 920 1783 933:
1005 1693 1149 1785 Qui
1219 1711 1294 1766 te
1367 1696 1692 1790 juppiter
1753 1696 1972 1791 dique
2043 1720 2325 1775 omnes,
2401 1710 2910 1789 percontator,
2980 1693 3333 1788 perduint.

644 1824 868 1898 Immo
943 1830 1065 1922 qui
1127 1830 1194 1900 in
1247 1826 1602 1924 particula
1651 1832 1819 1925 quin
1873 1846 2126 1902 extans
2179 1826 2348 1901 illud
2399 1847 2539 1919 est,
2598 1828 2797 1924 quod
2864 1855 3009 1901 non
3074 1830 3447 1924 ignoratur
3524 1856 3615 1901 ex
3679 1830 4069 1903 notissimis

336 1959 742 2031 structuris:
796 1962 916 2055 qui
969 1963 1074 2035 fit?
1146 1966 1264 2058 qui
1305 1964 1780 2058 convenit?¹‘³)

643 2095 768 2167 Ad
821 2099 1290 2191 negationem
1341 2124 1430 2171 ne
1491 2100 1688 2195 quod
1747 2101 2004 2172 attinet
2064 2100 2469 2172 notandum
2538 2116 2673 2182 est,
2745 2098 2947 2194 quod
3005 2098 3337 2172 Handius
3395 2100 3621 2173 docet
3674 2100 3887 2176 Turs.
3949 2102 4066 2173 IV.

329 2252 398 2319 p.
465 2252 591 2316 29:
658 2228 1236 2325 »Antiquissimis
1291 2237 1742 2330 temporibus
1783 2260 2000 2330 quum
2047 2233 2461 2307 subtiliores
2502 2234 2999 2305 distinctiones
3040 2234 3361 2306 nondum
3401 2252 3657 2308 essent
3712 2236 4068 2320 inventae,

336 2364 809 2456 negationem
865 2367 1175 2441 cuiusvis
1232 2370 1525 2463 generis
1567 2369 1802 2440 Latini
1855 2368 2223 2441 vocabulo
2278 2394 2369 2441 ne
2428 2386 2975 2463 expresserunt,
3032 2385 3111 2440 ut
3161 2367 3307 2441 hoc
3360 2370 3553 2442 idem
3608 2387 3814 2443 esset
3869 2371 4069 2467 quod

325 2520 562 2615 nonu,
665 2498 990 2596 Negatio
1046 2530 1138 2574 ne
1197 2504 1350 2575 sine
1425 2506 1646 2576 dubio
1717 2521 1834 2577 est
1899 2506 2420 2598 antiquissima,
2496 2530 2687 2599 quae
2754 2502 2967 2576 litera
3024 2529 3064 2576 ρ
3122 2504 3372 2577 addita
3429 2506 4064 2580 corroborabatur.

323 2630 441 2701 Sic
495 2646 660 2705 orta
717 2650 835 2705 est
885 2636 1240 2729 particula
1298 2662 1458 2721 nee,
1517 2666 1708 2735 quae
1767 2642 2120 2737 originem
2186 2640 2382 2712 ducit
2439 2665 2531 2711 ex
2591 2638 2993 2735 negatione
3048 2664 3141 2711 ne
3200 2656 3276 2711 et
3332 2641 3557 2736 stirpe
3612 2642 4065 2736 pronominis

323 2764 880 2840 demonstrativi
937 2794 1044 2843 ce.
1158 2751 1600 2868 Quanquam
1655 2774 1965 2848 concedi
2015 2791 2284 2871 potest,
2356 2800 2492 2847 nec
2548 2771 2977 2870 particulam
3031 2800 3248 2870 quarn
3314 2802 3497 2848 ›ne‹
3560 2776 3841 2850 maiore
3899 2800 4063 2848 cum

315 2901 382 2971 vi
438 2926 741 2998 negare,
797 2921 1042 2978 tamen
1099 2933 1238 2979 nec
1293 2911 1487 2982 idem
1539 2910 1667 2982 fuit
1705 2937 1926 3006 quam
1967 2936 2058 2982 ne
2111 2909 2235 2982 vel
2287 2935 2467 2999 non3
2524 2907 2866 3006 simplicis
2920 2911 3338 3006 negationis
3394 2937 3696 2983 munere
3752 2911 4065 2984 functum

320 3050 456 3105 est.
571 3035 822 3133 Saepe
895 3041 992 3112 ita
1049 3043 1400 3116 invenitur
1453 3046 1518 3116 in
1577 3044 1775 3142 legg.
1837 3047 1990 3119 XII.
2052 3047 2275 3128 tabb.‚
2332 3046 2559 3117 velut:
2632 3045 3133 3117 »manifestum
3197 3092 3281 3101 —
3341 3071 3471 3118 nec
3530 3046 4061 3136 manifestum«,

321 3170 481 3241 »cui
536 3170 756 3246 heres
821 3174 1044 3247 sit—
1101 3179 1210 3250 cui
1263 3179 1482 3251 heres
1539 3206 1671 3252 nec
1729 3183 1893 3264 sit«,
1951 3181 2135 3253 conf.
2217 3207 2381 3252 »res
2438 3181 2748 3275 mancipi
2806 3225 2904 3233 -—
2964 3204 3083 3252 res
3148 3204 3288 3252 nec
3344 3181 3729 3276 mancipi«.
3816 3181 4058 3255 Etiam

307 3304 509 3398 apud
565 3304 889 3380 Plautum
978 3308 1278 3408 legitur:
1365 3340 1496 3384 nec
1584 3332 1788 3386 recte
1845 3316 2132 3402 dicere,
2218 3317 2389 3388 vide
2448 3315 2714 3388 Bacch.
2788 3339 2963 3406 119:
3038 3315 3152 3386 Tu
3232 3316 3343 3388 dis
3408 3341 3548 3388 nec
3603 3332 3811 3389 recte
3861 3317 4060 3390 dicis,

630 3441 788 3514 Sed
819 3445 1208 3519 redeamus
1240 3450 1335 3519 ad
1365 3473 1455 3520 ne
1496 3448 1916 3543 particulam
1950 3450 2295 3547 simplicis
2326 3451 2762 3546 negationis
2822 3448 2998 3521 Illud
3030 3477 3121 3522 ne
3157 3451 3635 3524 adhibebatur
3662 3452 3729 3524 in
3760 3477 4056 3548 compo-

303 3576 567 3647 nendis
608 3581 1148 3672 pronominibus
1191 3581 1474 3682 (nemoz
1535 3610 1626 3656 ne
1668 3629 1770 3638 --
1807 3585 2086 3679 homo),
2127 3586 2531 3658 nominibus
2587 3584 2873 3680 (nefas),
2928 3586 3172 3657 verbis
3228 3586 3608 3688 (nequeo),
3668 3587 4052 3659 coniuncti-

305 3707 572 3779 onibus
636 3712 812 3802 (sinz
872 3715 1082 3809 sine).
1197 3716 1448 3812 Atque
1519 3719 1652 3791 huc
1725 3721 2018 3816 respicit
2080 3737 2336 3793 nostra
2405 3719 2758 3815 particula
2823 3721 3013 3815 quin,
3086 3720 3604 3816 significatione
3669 3722 4054 3795 instructa:

300 3841 444 3912 wie
506 3841 699 3914 denn
757 3845 994 3918 nicht?
1051 3875 1323 3922 warum
1381 3851 1610 3925 nicht?
2555 3860 2559 3864 ’

631 3976 1010 4053 Hactenus
1069 3985 1164 4056 de
1222 3987 1622 4081 particulae
1663 3990 1834 4085 quin
1886 3992 2423 4086 compositione
2461 4008 2538 4063 et
2582 3993 3127 4087 significatione.
3236 3989 3313 4061 In
3366 4017 3497 4062 usu
3552 4007 3793 4063 autem
3843 3991 4052 4065 huius

300 4109 704 4205 particulae
772 4140 953 4187 sane
1031 4143 1248 4212 quam
1315 4121 1508 4194 bene
1579 4122 1926 4220 clareque
1989 4123 2413 4221 intellegere
2490 4152 2903 4223 possumu5‚
2981 4127 3355 4225 quomodo
3412 4127 3778 4224 gradatim
3828 4127 4045 4222 παρά-

303 4253 509 4332 ταξις
563 4250 926 4322 transierit
975 4252 1044 4323 in
1099 4249 1462 4344 ὖπόταξιν.
1573 4258 1792 4333 Ratio
1847 4279 2093 4334 autem
2147 4279 2371 4357 atque
2427 4264 2610 4334 ordo
2664 4263 2779 4335 hic
2834 4263 2989 4335 fere
3046 4280 3198 4335 est:

621 4382 736 4454 Ac
819 4384 1124 4479 primum
1212 4390 1508 4485 quidem
1585 4395 1752 4489 quin
1822 4420 2126 4491 prorsus
2204 4397 2531 4493 partibus
2599 4398 2914 4493 fungitur
2985 4397 3331 4481 adverbii,
3418 4421 3581 4471 cum
3643 4398 4045 4469 secundum

297 4513 912 4610 significationem
971 4524 1107 4595 wie
1163 4525 1408 4598 nicht?
1459 4546 1845 4624 usurpetur

623 4669 701 4724 et
759 4676 920 4726 cum
974 4659 1445 4754 imperativo:
1509 4662 1704 4736 Trin.
1768 4669 1949 4756 582:
2006 4667 2172 4762 quin
2225 4683 2303 4740 tu
2356 4669 2375 4739 i
2433 4667 2680 4741 mod0.

609 4969 682 5052 1⁵)
731 4973 970 5054 Reisig.
1023 4975 1229 5038 VorIS.
1282 4980 1379 5039 ed.
1433 4981 1710 5043 Haasius
1754 4983 1973 5049 adnot.
2021 5001 2170 5063 492.
2238 5023 2323 5031 —
2370 4986 2784 5062 Ribbeckius,
2850 4989 3039 5055 Beitr.
3104 5010 3214 5052 zur
3257 4989 3469 5053 Lehre
3538 5010 3667 5052 von
3711 4990 3769 5055 d.
3827 4989 4033 5052 latein.

719 5090 1038 5156 Partikeln
1084 5115 1144 5176 p.
1209 5111 1302 5172 14.
1355 5133 1434 5142 -—
1483 5098 1868 5181 MadvigiuS,
1923 5102 2168 5167 Latein.
2218 5102 2503 5184 Sprachl.
2554 5106 2595 5183 ἓ
2641 5119 2785 5184 375.
2838 5128 2873 5168 ρ
2918 5107 3063 5170 adn.
3113 5125 3176 5184 4.

609 5207 678 5289 16)
724 5209 1082 5292 ZumptiuS.
1157 5211 1444 5280 Gramm.
1494 5219 1533 5297 ἓ
1611 5234 1724 5298 133
1796 5221 1939 5282 adn.
2035 5219 2273 5281 Totam
2348 5219 2513 5283 hanc
2580 5223 2661 5282 de
2730 5221 2839 5304 qui*
2898 5222 3178 5284 ablativo
3236 5227 3681 5306 quaestionem
3746 5222 4043 5286 tractavit

717 5327 965 5407 optime
1009 5329 1213 5394 Oscar
1258 5333 1738 5408 WichmannuS‚
1787 5337 1868 5400 de
1915 5335 2024 5420 qul
2064 5337 2367 5412 amative,
2416 5339 2659 5401 dissert.
2712 5341 2906 5406 Bresl.
2964 5343 3144 5423 1875.

3530 5467 3565 5513 2
3591 5449 3623 5485 ’k
