4409 5675
2189 402 2270 468 32

699 599 970 673 Bacch.
1035 623 1217 691 915:
1273 602 1351 672 Si
1406 618 1542 687 est,
1602 602 1976 674 abstinere
2032 604 2202 696 quin
2262 601 2587 697 attingas
2641 628 2784 676 non
2844 626 3103 696 queas.

813 764 1009 833 Pers.
1080 786 1202 832 11:
1264 762 1401 833 Set
1467 763 1680 857 quasi
1745 762 1953 857 lippo
2028 766 2247 835 oculo
2322 790 2441 834 me
2509 789 2677 834 erus
2742 789 2951 834 meus
3020 788 3310 833 manum
3364 764 3735 833 abstinere
3790 762 3929 833 hau
3982 764 4139 856 quit

1645 911 1922 982 tamen,

1259 1026 1454 1120 Quin
1511 1028 1608 1099 mi
1665 1028 1997 1123 imperet,
2056 1031 2229 1124 quin
2285 1056 2401 1102 me
2459 1032 2607 1102 suis
2666 1032 2988 1125 negotiis
3046 1028 3494 1125 praesulciat.

691 1277 759 1336 c‘.
819 1263 980 1334 Huc
1038 1286 1333 1359 quoque
1391 1262 1760 1356 pertinent
1817 1288 1908 1333 ea
1964 1262 2333 1357 exempla,
2394 1265 2515 1334 ubi
2568 1266 2869 1335 verbum
2924 1265 3193 1335 morari
3248 1264 3858 1359 significationem
3918 1287 4133 1356 prae·

369 1401 585 1473 bens:
641 1397 874 1469 Einen
926 1398 1331 1469 verweilen
1387 1394 1702 1467 machen
1755 1397 1795 1466 i.
1851 1422 1912 1467 e.
1954 1396 2385 1479 behindern,
2427 1396 2733 1469 hindern
2788 1398 3241 1490 coniungitur
3292 1422 3452 1468 cum
3508 1398 3867 1491 particula
3919 1396 4126 1490 quin:

686 1560 886 1631 Men.
959 1566 1202 1648 1146:
1262 1558 1632 1653 Numquid
1687 1582 1801 1630 me
1857 1582 2174 1645 morare,
2236 1559 2406 1655 quin
2463 1584 2613 1653 ego
2668 1558 2873 1645 liber,
2934 1573 3010 1629 ut
3061 1559 3249 1641 iusti,
3309 1558 3530 1631 siem?

686 1692 956 1765 Bacch.
1019 1715 1208 1784 340:
1267 1690 1682 1786 Numquam
1741 1710 1817 1765 te
1875 1692 2304 1779 morabitur,

1270 1824 1462 1917 Quin
1517 1825 1803 1898 habeas
1855 1823 2028 1907 illut,
2086 1848 2239 1920 quo
2295 1824 2415 1897 die
2470 1824 2632 1899 illuc
2682 1829 2997 1899 veneris,

688 1959 895 2032 Asin.
962 1980 1152 2051 355:
1265 1958 1680 2053 Argentum
1737 1984 1884 2029 non
1935 1959 2290 2029 morabor
2343 1959 2511 2053 quin
2569 1958 2787 2031 seras,

963 2102 1150 2185 675:
1262 2092 1677 2188 Numquam
1738 2116 2103 2164 morarem
2160 2092 2329 2186 quin
2388 2093 2668 2165 darem.

683 2224 852 2298 Aul.
912 2236 1094 2314 604:
1155 2224 1269 2297 Ne
1328 2225 1646 2299 adfinem
1701 2251 1974 2313 morer,

1159 2358 1375 2451 Quin,
1433 2360 1555 2431 ubi
1611 2378 1961 2443 arcessat,
2015 2385 2259 2433 meam
2316 2359 2690 2454 extemplo
2748 2360 2962 2433 filiam
3014 2360 3242 2432 ducat
3291 2361 3608 2433 domum.

680 2490 870 2565 Rud.
941 2492 1125 2564 228:
1183 2490 1469 2586 Neque,
1524 2492 1583 2563 si
1622 2494 1816 2575 vivit,
1873 2518 2040 2564 earn
2093 2493 2256 2565 viva
2308 2518 2655 2587 umquam
2711 2494 2877 2591 quin
2916 2495 3153 2567 vivam
3209 2494 3601 2581 inveniam,
3644 2493 4125 2584 desistam.⁷⁵)

688 2729 766 2821 d)
827 2725 1122 2798 Eodem
1178 2741 1524 2819 spectant
1572 2725 2000 2811 locutioneS,
2051 2725 2313 2822 quales
2368 2744 2583 2799 sunt:
2644 2728 3011 2822 Numquid
3064 2753 3336 2800 causae
3392 2728 3554 2799 est?
3609 2727 3790 2823 quid
3852 2750 4133 2799 causae

361 2879 478 2937 est
529 2863 723 2959 quin,
783 2847 1256 2956 similesque3'
1301 2878 1522 2956 atque
1575 2864 1644 2933 in
1699 2863 1806 2933 eis
1865 2886 2164 2957 quoque
2220 2863 2409 2934 inest
2460 2864 2569 2934 vis
2627 2863 2995 2957 quaedam
3052 2847 3513 2958 prohibendi.
3648 2862 3869 2954 Quae
3934 2864 4133 2934 locu-

361 3000 603 3072 tiones
640 2994 812 3069 nihil
847 2994 1042 3069 aliud
1096 2997 1253 3067 fere
1307 3013 1532 3090 atque
1599 2997 1820 3091 »quid
1872 2994 2220 3091 impedit«
2284 2995 2709 3090 significant.
2848 2995 3101 3092 Atque
3182 2997 3537 3068 eiusmodi
3591 2996 4131 3068 enuntiationes

360 3132 575 3207 facile
633 3155 728 3204 ex
782 3130 1176 3226 παρατάξει
1232 3145 1443 3200 ortae
1501 3127 1846 3224 explicari
1901 3143 2264 3223 possunt;
2320 3127 2521 3201 velut
2572 3129 2743 3201 Cas.
2807 3131 3003 3221 832:

951 3289 1166 3364 Nulla
1218 3306 1534 3376 causast,
1592 3290 1762 3384 quin
1815 3292 2269 3384 pendentem
2325 3315 2463 3374 me,
2522 3315 2725 3376 uxor,
2784 3290 3007 3387 virgis
3061 3292 3437 3363 verbereS.

359 3429 467 3501 sic
519 3424 1026 3523 explicandum
1078 3440 1241 3498 est:
1337 3425 1438 3496 Es
1522 3424 1616 3496 ist
1693 3423 1860 3495 kein
1918 3422 2366 3496 hindernder
2422 3398 2678 3496 Grund
2761 3424 3221 3508 vorhanden;
3304 3447 3575 3494 warum
3634 3421 3967 3518 schlagst
4022 3423 4123 3494 du

361 3549 551 3635 mich
608 3559 842 3634 nicht?
922 3577 1004 3614 -'
1111 3561 1295 3632 Cum
1351 3575 1738 3653 utrumque
1796 3555 1958 3629 talis
2015 3559 2389 3629 iuncturae
2446 3559 2853 3629 membrum
2910 3558 3219 3629 seorsim
3275 3557 3443 3652 poni
3500 3572 3729 3653 atque
3786 3552 4129 3652 intellegi

358 3695 620 3790 possit,
679 3693 872 3767 nullo
931 3720 974 3765 a
1030 3692 1382 3788 principio
1440 3716 1634 3763 nexu
1690 3692 1876 3762 inter
1931 3715 2016 3762 se
2071 3689 2192 3762 illa
2250 3691 2683 3764 cohaesisse
2739 3717 3174 3785 persuasum
3230 3690 3500 3762 habeo.

680 3855 786 3928 En
847 3848 1228 3949 exempla:

683 4015 875 4088 Rud.
951 4035 1186 4107 1397:
1249 4014 1582 4086 Gratiam
1639 4014 1884 4087 habeo
1943 4032 2021 4087 et
2076 4012 2174 4086 de
2236 4011 2513 4086 talento
2570 4011 2764 4084 nulla
2821 4031 3144 4103 causast,
3201 4015 3371 4108 quin
3431 4012 3649 4084 feras,

935 4168 1172 4238 1070:
1235 4146 1326 4218 Ni
1384 4147 1597 4218 istum
1657 4147 1843 4242 cepi,
1904 4144 2097 4220 nulla
2156 4162 2471 4230 causast,
2530 4147 2704 4241 quin
2759 4170 2874 4217 me
2933 4147 3313 4218 condones
3375 4146 3586 4216 cruci.
3870 4243 3873 4246 ἱ

983 4281 1160 4372 758:
1219 4278 1418 4372 Quid
1475 4296 1856 4368 causaest,
1917 4279 2090 4375 quin
2145 4278 2369 4376 virgis
2426 4294 2505 4351 te
2561 4303 2795 4373 usque
2855 4279 2953 4350 ad
3009 4277 3470 4350 saturitatem
3526 4277 3901 4350 sauciem?

669 4411 873 4486 Trin.
929 4417 1163 4485 1188:
1222 4411 1592 4508 Numquid
1647 4431 1992 4486 causaest
2045 4413 2218 4506 quin
2274 4435 2581 4482 uxorem
2640 4433 2806 4482 cras
2863 4409 3158 4484 domum
3214 4411 3528 4482 ducam?

755 4633 1202 4644 ——————-

775 4801 902 4863 ego
949 4791 1014 4846 te
1061 4801 1243 4863 rogo,
1297 4817 1380 4828 —-—-
1431 4782 1590 4860 562:
1641 4800 1767 4862 ego
1813 4801 1960 4843 sum
2003 4782 2215 4842 miser.
2268 4815 2351 4825 -—
2428 4783 2583 4856 528:
2634 4799 2763 4860 ego
2806 4781 3062 4845 invoco,
3128 4816 3216 4826 —
3282 4779 3484 4844 Stich.
3537 4795 3694 4860 294:
3758 4799 3885 4860 ego
3932 4799 4107 4840 nunc

773 4897 928 4962 scio,
985 4933 1070 4944 --
1130 4897 1305 4960 Pers.
1355 4898 1483 4977 716
1529 4898 1759 4960 eadem
1805 4897 2121 4976 leguntur.
2173 4931 2261 4942 ——-
2304 4895 2476 4961 Men.
2535 4899 2733 4962 1088:
2784 4915 2910 4978 ego
2952 4896 3243 4959 alterum.
3294 4931 3382 4943 —-
3446 4911 3616 4976 930:
3690 4913 3818 4975 ego
3865 4895 4102 4961 debe0.

775 5049 861 5060 --
916 5013 1110 5076 Merc.
1159 5013 1321 5090 256:
1371 5033 1501 5094 ego
1548 5015 1893 5094 conspicor
1938 5049 2022 5058 —
2074 5017 2240 5088 887:
2292 5031 2417 5090 ego
2464 5011 2745 5076 audiam.
2794 5047 2880 5058 -·
2924 5025 3086 5092 497:
3136 5030 3262 5091 ego
3310 5015 3524 5074 fecero
3568 5019 3691 5073 etc.

653 5155 730 5242 ¹⁶)
777 5157 884 5220 Sic
930 5158 1096 5219 duce
1141 5154 1366 5220 Reizio
1415 5156 1870 5218 Fleckeisenus
1916 5154 2044 5235 legi
2093 5154 2249 5218 vult.
2354 5151 2558 5216 Codd.
2610 5153 2923 5217 exhibent
2982 5173 3165 5216 »earn
3222 5155 3460 5216 vivam
3508 5169 3859 5235 umquam«
3914 5153 4095 5232 quod

771 5273 1028 5337 Reizius
1075 5280 1285 5336 mumt
1333 5275 1396 5336 in
1451 5291 1632 5335 »eam
1677 5271 1863 5332 viva«
1889 5317 1904 5343 ,
1969 5289 2117 5331 cum
2167 5270 2401 5332 deinde
2450 5277 2599 5331 ante
2648 5269 2918 5332 verbum
2963 5269 3283 5332 inveniam
3337 5271 3631 5332 »vivam«
3685 5269 3941 5330 inserat.
