4409 5675
2207 330 2297 405 34

367 565 634 621 sensus
693 558 980 619 certus:
1039 536 1312 640 aliquid
1367 540 1520 615 fieri
1579 542 1880 617 debet.‹
1941 540 2122 615 Illud
2159 574 2187 607 ι
2201 566 2482 639 posse«
2532 563 2685 614 non
2738 554 3019 613 tantam
3072 535 3221 611 vim
3276 534 3525 623 habet,
3582 550 3683 619 ut,
3713 554 3807 607 ne
3846 524 4139 604 »excla-

371 706 626 756 mare«
689 679 834 765 fiat,
890 678 1290 777 prohibere
1348 677 1608 775 possit.

693 814 810 887 En
862 814 1073 887 huius
1125 814 1487 888 idiomatis
1543 811 1927 908 exempla:

694 948 902 1021 Trin.
967 970 1159 1042 729:
1216 947 1433 1022 Nullo
1488 946 1715 1021 modo

1223 1084 1405 1161 Pote
1461 1087 1614 1161 fieri
1670 1106 1943 1178 prosus
1999 1082 2170 1176 quin
2226 1080 2371 1154 dos
2428 1081 2641 1152 detur
2693 1076 3073 1175 virgini.⁸¹)

699 1217 903 1289 Men.
975 1240 1151 1307 190:
1211 1216 1502 1295 Interim
1555 1220 1838 1319 nequiS,
1897 1218 2068 1314 quin
2124 1216 2283 1290 eius
2340 1214 2611 1310 aliquid
2664 1211 2959 1287 indutus
3016 1211 3182 1285 sies,

693 1348 844 1424 Mil.
915 1373 1144 1443 1342:
1201 1351 1523 1450 Nequeo
1581 1356 1756 1451 quin
1807 1354 2050 1430 fleam.

641 1462 644 1465 ⁹
691 1484 894 1557 Pers.
955 1486 1149 1575 824:
1209 1487 1556 1585 NequeO,
1610 1488 1800 1576 leno,
1859 1488 2032 1585 quin
2086 1486 2214 1559 tibi
2268 1480 2537 1559 saltem
2590 1478 3025 1566 staticulum,
3085 1482 3258 1552 olim
3316 1504 3535 1575 quem
3592 1478 3867 1577 Hegea

1201 1621 1576 1697 Faciebat.

693 1753 923 1827 Stich.
987 1777 1176 1848 302:
1232 1757 1407 1833 Non
1460 1757 1654 1831 enim
1703 1778 2010 1851 possum
2065 1754 2239 1851 quin
2294 1768 2651 1841 revortar,
2706 1750 2879 1845 quin
2934 1744 3219 1843 loquar,
3276 1748 3450 1845 quin
3506 1748 3966 1829 edissertem,

1203 1890 1574 1987 Eramque
1633 1917 1728 1963 ex
1779 1912 2124 1963 maerore
2179 1887 2519 1972 eximam,
2573 1887 2766 1959 bene
2825 1884 3020 1956 facta
3072 1883 3434 1955 maiorum
3484 1908 3733 1957 meum

1207 2023 1646 2123 Exaugeam
1703 2042 1930 2124 atque
1987 2021 2184 2097 illam
2239 2044 2559 2117 augeam
2612 2021 2995 2115 insperato
3051 2035 3470 2115 opportuno
3527 2018 3753 2090 bono.

698 2159 897 2230 Pers.
959 2166 1151 2230 612:
1209 2158 1380 2231 Hau
1436 2184 1770 2254 possum,
1831 2160 2005 2254 quin
2051 2158 2217 2231 huic
2277 2180 2588 2253 operam
2647 2154 2822 2227 dem
2874 2152 3170 2249 hospiti.

704 2291 925 2364 TruC.
984 2290 1088 2376 11„
1152 2314 1220 2385 7.
1257 2316 1335 2385 3:
1393 2292 1603 2366 Satin
1659 2294 1784 2388 qui
1841 2310 2062 2383 amat,
2119 2291 2381 2387 nequit
2436 2292 2607 2386 quin
2662 2286 2858 2362 nihili
2913 2289 3009 2361 sit
3062 2304 3291 2385 atque
3347 2290 3681 2383 inprobis
3742 2289 4022 2363 artibus
4070 2312 4169 2359 se

3740 2418 4093 2518 expoliat.

707 2558 854 2631 Mil.
919 2564 1107 2633 262:
1162 2559 1354 2633 Nam
1407 2556 1528 2631 ille
1581 2584 1730 2633 non
1781 2560 2024 2656 potuit
2076 2560 2247 2656 quin
2300 2580 2643 2633 sermone
2700 2580 2841 2631 suo
2898 2558 3221 2653 aliquem
3276 2557 3725 2633 familiarium

1176 2692 1736 2789 Participaverit
1790 2695 1890 2767 de
1952 2692 2187 2767 amica
2242 2690 2489 2787 erili⁸²)
2550 2717 2636 2765 se
2692 2691 2967 2765 vidisse
3024 2717 3215 2767 eam.

705 2826 860 2901 Mil.
922 2832 1113 2920 693:
1165 2826 1361 2901 Tum
1416 2825 1868 2924 plicatricem
1927 2825 2339 2901 clementer
2391 2849 2535 2900 non
2591 2843 2849 2923 potest
2902 2825 3074 2922 quin
3128 2829 3607 2922 munerem⁸³)

680 3204 759 3286 ⁸¹)
804 3201 969 3270 Cod.
1017 3203 1092 3271 B.
1139 3203 1418 3284 praebet
1469 3229 1494 3262 2
1506 3223 1781 3285 prosus«
1835 3201 2014 3284 quod
2059 3201 2455 3266 Ritschelius
2496 3210 2733 3265 servat.
2824 3202 3057 3286 Neque
3106 3215 3207 3268 est
3250 3202 3715 3285 dubitandum,
3785 3202 3940 3284 quin
3976 3202 4165 3265 Plau-

801 3319 940 3381 tina
1006 3327 1188 3382 aetas
1256 3339 1379 3401 pro
1431 3345 1459 3378 ›
1470 3339 1778 3401 prorsus«
1853 3319 2090 3382 extrita
2134 3317 2321 3381 litera
2366 3338 2396 3378 r
2441 3338 2673 3399 prosus
2720 3318 3031 3402 probarit.
3126 3321 3297 3384 Hinc
3344 3321 3541 3402 igitur
3588 3328 3705 3394 est,
3756 3321 3935 3402 quod
3981 3320 4159 3389 Pers,

804 3451 934 3517 477
982 3435 1047 3498 in
1093 3433 1416 3498 nonnullis
1459 3434 1654 3502 codd.
1700 3453 2050 3518 ›prosum‹
2101 3433 2425 3498 invenitur
2445 3451 2461 3509 ;
2530 3437 2688 3499 item
2761 3456 3059 3500 ›rusum‹
3134 3433 3373 3519 legitur
3439 3459 3563 3520 pro
3634 3455 3887 3498 rursum
3955 3436 4159 3504 Merc.

805 3554 929 3635 63;
981 3551 1064 3618 cs.
1112 3547 1559 3626 Ritschelium,
1607 3551 1860 3634 proleg.
1913 3551 1977 3614 in
2023 3550 2205 3618 Trin.
2250 3572 2316 3634 p.
2372 3562 2513 3630 104.

1127 3666 1446 3732 Codicum
1520 3676 1781 3750 »potest
1843 3667 2021 3731 fieri«
2073 3667 2349 3732 Bothlus
2418 3689 2699 3752 eumque
2760 3679 3021 3734 secutus
3086 3669 3473 3734 Ritschelius
3521 3677 3777 3733 mutant
3822 3670 3887 3732 in
3957 3680 4163 3752 »pote

804 3783 958 3848 fieri.
977 3809 1004 3844 ‹
1077 3783 1269 3866 Quae
1317 3782 1526 3846 forma
1575 3793 1814 3867 ›pote‹
1881 3784 2012 3870 (vel
2053 3785 2259 3868 potis)
2303 3786 2479 3867 apud
2530 3787 2829 3851 Plautum
2882 3797 3230 3870 usurpatur
3296 3806 3427 3850 non
3468 3797 3725 3851 tantum
3769 3805 3895 3870 pro
3938 3795 4170 3869 potest

806 3901 1026 3986 (Most.
1077 3900 1235 3984 256)
1303 3899 1422 3963 sed
1489 3900 1686 3963 etiam
1733 3920 1856 3982 pro
1925 3909 2118 3982 potes
2187 3901 2393 3986 (Trin.
2441 3917 2590 3981 352,
2662 3903 2841 3967 Pers·
2891 3905 3006 3987 30)
3074 3914 3270 3985 atque
3340 3923 3463 3986 pro
3528 3924 3726 3987 posse
3772 3903 3947 3986 (Men
3992 3903 4153 3981 625,

799 4015 994 4078 Merc.
1046 4016 1221 4098 349.)
1265 4016 1425 4080 Ideo
1470 4016 1863 4080 Ritschelius
1906 4017 2211 4099 praetulit
2255 4016 2535 4080 sormam
2581 4029 2756 4101 pote,
2806 4023 3187 4103 praesertim
3234 4039 3385 4083 cum
3433 4021 3760 4103 »asperior
3782 4019 4151 4100 proceleus-

801 4132 1076 4196 maticus
1117 4133 1204 4196 ab
1251 4133 1436 4195 initio
1489 4153 1554 4199 v,
1607 4148 1770 4214 730:
1815 4142 2039 4217 potest
2082 4129 2261 4196 fieri<
2313 4133 2605 4211 tollatur;
2656 4133 2732 4198 cf.
2782 4137 3034 4220 proleg.
3082 4139 3146 4200 in
3190 4137 3364 4200 Trin.
3413 4157 3479 4218 p.
3534 4151 3647 4200 111
3700 4143 3869 4202 extr.
3906 4143 4058 4215 289.

681 4278 758 4360 δ’)
802 4275 984 4339 Libri
1030 4276 1354 4358 praebent
1402 4276 1530 4339 »eri
1576 4297 1722 4341 sese
1767 4277 2008 4341 vidisse
2054 4298 2265 4353 eam«,
2315 4281 2495 4363 quod
2540 4278 2933 4344 Ritschelius
2975 4281 3277 4365 probavit
3336 4279 3537 4362 praef.
3590 4278 3790 4342 Stich.
3842 4301 3905 4358 p.
3964 4295 4058 4359 17.

805 4390 942 4456 Sed
987 4403 1164 4456 recte
1210 4392 1504 4456 Kochius
1550 4394 1720 4458 hanc
1763 4393 2111 4458 lectionem
2159 4397 2398 4471 reiecit,
2447 4395 2540 4460 Fl.
2586 4397 2797 4463 annal.
2852 4399 3019 4479 1870
3066 4419 3129 4480 p.
3178 4397 3282 4460 61.
3374 4395 3545 4458 Nam
3590 4415 3853 4478 semper
3892 4397 4159 4459 Plautus

803 4509 1088 4591 loquitur
1135 4508 1234 4572 de
1279 4510 1557 4574 amica
1602 4511 1812 4586 erili,
1859 4531 1990 4574 non
2037 4511 2128 4575 de
2171 4512 2436 4576 amica
2482 4513 2619 4576 eri.
2708 4513 3066 4594 Propterea
3138 4513 3345 4576 oerili«
3412 4513 3827 4576 scribendum
3872 4521 4006 4588 est;
4070 4513 4165 4581 cf.

805 4647 864 4690 v.
921 4641 1061 4704 114,
1119 4641 1258 4701 122,
1310 4639 1457 4706 274.
1576 4625 1836 4690 Deinde
1887 4647 2042 4689 ›se‹
2120 4648 2238 4710 per
2306 4627 2806 4711 imprudentiam
2878 4628 3059 4692 facile
3125 4628 3437 4711 duplicari
3479 4629 3711 4710 potuit.
3826 4629 4008 4712 Ergo
4054 4629 4165 4694 hic

808 4741 990 4804 locus
1035 4741 1130 4804 sic
1172 4742 1419 4804 restitui
1468 4743 1699 4810 debet:
1755 4743 2006 4806 »amica
2051 4743 2205 4817 erili,
2255 4763 2328 4805 se
2376 4741 2617 4808 vidisse
2663 4763 2849 4809 eam«

688 4889 768 4971 ⁸³)
815 4885 1022 4950 Codd.
1073 4883 1248 4948 BCD
1295 4885 1609 4950 exhibent
1656 4891 1833 4950 »tum
1878 4887 2233 4969 patricam«
2282 4885 2463 4970 quod
2506 4888 2751 4952 nullum
2794 4889 3064 4972 praebet
3106 4907 3389 4956 sensum.
3484 4885 3711 4971 Atque
3758 4885 4156 4952 Ritschelius

813 5022 962 5065 cum
1005 5002 1445 5065 Taubmanno
1491 5001 1632 5066 coll.
1683 5003 1858 5065 Festi
1898 5019 2023 5082 243
2071 5002 2201 5085 legi
2247 5004 2384 5066 vult
2425 5005 2780 5086 piati-icem.
2875 5005 3111 5068 Festus
3156 5005 3329 5068 enim
3373 5004 3411 5069 1.
3460 5023 3520 5073 a.
3568 5007 3737 5069 hanc
3784 5025 4019 5068 vocem
4066 5007 4163 5068 sic

820 5128 1107 5186 enarrat:
1164 5117 1440 5204 »piatrix
1477 5119 1817 5182 dicebatur
1859 5119 2187 5195 sacerdos,
2238 5141 2407 5202 quae
2431 5121 2696 5204 expiare
2728 5131 2867 5188 erat
2896 5122 3104 5196 solita,
3150 5143 3346 5205 quam
3372 5125 3639 5206 quidam
3676 5125 4157 5198 simulatricem,

818 5235 922 5298 alii
966 5257 1216 5320 sagam,
1264 5236 1368 5299 alii
1416 5235 1840 5320 expiatricem
1887 5245 2188 5302 vocant«
2310 5237 2444 5304 Sed
2508 5239 2562 5300 si
2628 5239 2799 5304 hanc
2840 5258 3071 5303 vocem
3116 5239 3529 5314 adhibemus,
3598 5259 3767 5322 quae
3831 5241 3915 5304 ad
3985 5241 4162 5304 idem
