4409 5675
2164 316 2245 392 38

309 530 508 625 quin:
567 528 734 599 eine
792 552 924 599 nur
976 530 1122 601 den
1176 528 1582 601 Komikern
1635 529 2194 625 angehorende‚
2260 542 2450 601 stets
2504 528 2874 601 ironische
2929 528 3251 613 Formel,
3306 528 3427 603 die
3494 529 3707 603 einen
3788 530 4071 627 negati-

305 686 452 734 ven
521 662 940 735 Gedanken
1021 662 1248 733 durch
1333 661 1737 757 spottende
1797 662 2395 761 Hervorhebung
2476 661 2611 734 der
2665 658 3261 756 Unmoglichkeit
3340 662 3479 735 des
3530 662 4067 759 Entgegenge-

306 811 596 870 setzten
651 796 1078 870 ausdruckt:
1135 796 1255 869 ein
1309 796 1660 882 Wunder,
1729 822 2006 869 warum
2057 796 2261 871 nicht
2288 841 2427 885 —-‚
2488 798 2626 869 das
2680 794 2909 869 fehlte
2961 822 3113 881 nur,
3167 796 3346 875 dass
3402 838 3505 851 --
3540 821 3817 869 warum
3870 797 4069 871 nicht

303 959 512 1031 gan«
631 933 848 1025 Quae
903 948 1266 1005 structura
1317 932 1472 1005 sine
1531 930 1756 1003 dubio
1816 956 1910 1003 ex
1960 930 2358 1027 παρατάξει
2412 947 2579 1005 orta
2640 929 3081 1026 explicanda
3148 946 3298 1017 est;
3369 930 3537 1005 vide
3601 932 3804 1003 Pers,
3866 954 4069 1023 433:

307 1068 568 1141 Mirum
642 1068 812 1165 quin
879 1067 1005 1139 tibi
1073 1090 1223 1160 ego
1293 1065 1680 1139 crederem
1717 1108 1818 1119 —-
1876 1090 2096 1163 quem
2151 1061 2393 1137 locum
2450 1064 2555 1139 sic
2606 1061 3041 1141 dissolvam:
3100 1064 3595 1150 Wunderbar,
3646 1063 3785 1137 wie
3840 1062 4059 1138 sollte

303 1204 419 1275 ich
471 1203 604 1275 Dir
661 1202 862 1275 nicht
915 1201 1217 1274 trauen?
1272 1199 1388 1273 En
1443 1199 1652 1273 huius
1707 1199 2070 1273 idiomatis
2125 1214 2384 1272 cetera
2436 1196 2813 1294 exempla:

623 1366 828 1438 Pers,
891 1387 1083 1457 339:
1145 1364 1406 1436 Mirum
1458 1364 1630 1462 quin
1684 1363 1886 1461 regis
1941 1362 2255 1460 Philippi
2308 1386 2539 1435 causa
2590 1377 2718 1435 aut
2770 1358 3007 1434 Attali

1169 1496 1287 1571 Te
1341 1498 1588 1594 potius
1641 1498 1962 1571 vendam
2017 1521 2239 1597 quam
2292 1520 2479 1581 mea,
2534 1522 2727 1595 quae
2782 1496 2885 1570 sis
2940 1520 3135 1569 mea.

625 1636 856 1708 Merc.
923 1657 1107 1723 204:
1169 1632 1436 1704 Mirum
1491 1633 1664 1732 quin
1715 1658 1832 1706 me
1889 1632 2349 1727 subigitaret.

626 1770 826 1844 Trin,
880 1789 1077 1861 495:
1133 1768 1394 1840 Mirum
1451 1768 1622 1865 quin
1674 1782 1754 1841 tu
1809 1762 1932 1838 illo
1985 1782 2235 1839 tecum
2292 1765 2582 1839 divitias
2638 1766 2859 1842 seras,

865 1908 1056 1993 967:
1115 1902 1376 1975 Mirum
1435 1902 1608 1998 quin
1662 1901 1758 1973 ab
1816 1924 1964 1973 avo
2025 1900 2181 1973 eius
2240 1916 2367 1972 aut
2419 1925 2709 1997 proavo
2767 1902 3215 1997 acciperem,
3277 1900 3405 2001 qui
3463 1914 3629 1974 sunt
3682 1900 3965 1974 mortui.

627 2038 904 2133 Amph.
972 2057 1152 2130 750:
1208 2036 1473 2108 Mirum
1531 2035 1699 2132 quin
1754 2050 1827 2108 te
1888 2036 2249 2107 advorsus
2308 2035 2527 2109 dicat.

625 2174 845 2244 Most.
903 2194 1098 2263 493:
1162 2170 1427 2241 Mirum
1482 2170 1652 2267 quin
1707 2166 2032 2267 vigilanti
2087 2168 2389 2256 diceret,

1154 2304 1301 2399 Qui
1357 2303 1620 2377 abhinc
1678 2304 2066 2399 sexaginta
2122 2303 2327 2376 annis
2384 2304 2682 2377 occisus
2735 2305 2945 2378 foret.

626 2441 814 2514 Rud.
888 2462 1126 2532 1393:
1207 2438 1469 2512 Mirum
1525 2438 1697 2537 quin
1754 2455 1951 2511 tuum
2007 2437 2116 2510 ius
2173 2463 2348 2513 meo
2406 2437 2688 2534 periclo
2740 2442 2878 2513 abs
2932 2458 3011 2514 te
3067 2456 3438 2535 expetam.

625 2574 789 2647 Cist
843 2572 963 2645 IV.
1028 2597 1087 2644 2.
1145 2575 1273 2645 68:
1331 2573 1591 2645 Mirum
1645 2572 1818 2669 quin
1867 2596 2057 2669 grex
2110 2570 2472 2645 venalium
2528 2574 2597 2645 in
2652 2571 2934 2648 cistella
2984 2574 3275 2647 insuerit
3324 2597 3486 2647 una.

626 2708 790 2780 Aul.
851 2710 983 2799 85:
1037 2708 1301 2779 Mirum
1355 2707 1530 2805 quin
1587 2722 1714 2779 tua
1769 2732 1887 2779 me
1945 2730 2175 2779 causa
2234 2706 2456 2780 faciat
2500 2706 2835 2804 Juppiter

1052 2840 1460 2939 Philippum
1511 2865 1772 2935 regern
1828 2855 1954 2914 aut
2007 2841 2329 2914 Darium.

623 3162 878 3258 Itaque
929 3162 1000 3232 in
1057 3161 1390 3233 omnibus
1445 3159 1845 3255 particulae
1901 3161 2068 3258 quin
2107 3159 2477 3234 idiomatis
2531 3162 2931 3236 secundum
2986 3161 3141 3234 eius
3197 3160 3812 3256 compositionem
3851 3160 4067 3255 signi·

312 3296 562 3368 ficatio
622 3294 1040 3391 principalis
1093 3295 1263 3368 Wie
1320 3295 1562 3367 nicht?
1617 3295 1918 3368 Warum
1969 3295 2210 3369 nicht?
2265 3295 2663 3369 statuenda
2722 3313 2839 3369 est
2892 3311 3117 3393 atque
3170 3296 3506 3392 perbene
3561 3321 3657 3368 ex
3709 3296 3846 3370 hac
3903 3319 4067 3392 par-

307 3427 522 3502 ticula
576 3430 1066 3502 demonstrari
1119 3443 1396 3525 potest,
1457 3427 2080 3526 quemadmodum
2135 3425 2481 3519 ὑπόταξις
2517 3456 2613 3504 ex
2662 3430 3057 3526 παρατάξει
3114 3445 3291 3504 nata
3345 3430 3457 3502 sit.
3534 3429 4068 3528 Antiquissima

309 3565 500 3636 enim
557 3564 906 3636 idiomata
960 3563 1117 3636 sine
1175 3562 1400 3635 dubio
1456 3588 1549 3635 ea
1602 3579 1788 3648 sunt,
1863 3562 1931 3634 in
1990 3563 2251 3662 quibus
2306 3563 2656 3661 particula
2702 3565 2871 3662 quin
2936 3564 3267 3638 adverbii
3326 3581 3581 3660 partes
3653 3565 3834 3662 agit,
3892 3589 4062 3636 nam

307 3700 374 3769 in
433 3699 516 3771 iis
570 3697 882 3770 maxime
936 3697 1328 3794 perspicue
1394 3698 1832 3794 significatio
1913 3713 2229 3793 apparet
2307 3698 2745 3794 principalis
2884 3698 3301 3771 Enuntiatio
3386 3714 3630 3772 autem
3710 3698 4065 3794 particula

308 3833 474 3927 quin
558 3832 812 3904 addita
897 3830 1300 3904 admodum
1381 3831 1824 3905 affirmativa
1904 3828 2002 3923 fit,
2076 3847 2154 3904 ut
2220 3831 2419 3905 haud
2503 3858 2673 3906 raro
2755 3833 3182 3929 particulam
3266 3848 3565 3906 vertere
3648 3835 4063 3906 soleamus:

306 3966 569 4037 Sicher
625 3965 958 4050 fijrwahr,
1013 3989 1256 4062 sogar.
1366 3965 1584 4058 Quae
1641 3964 2074 4061 significatio
2130 3991 2303 4040 mea
2366 3967 2663 4066 quidem
2720 3967 3093 4040 sententia
3145 3967 3241 4039 ab
3299 3967 3472 4064 quin
3524 3964 3646 4039 illo
3700 3966 3774 4039 in
3846 3965 4063 4039 inter-

305 4102 804 4195 rogationibus
835 4101 1102 4174 acriter
1128 4100 1681 4173 cohortantibus
1710 4118 2065 4197 usurpato
2097 4103 2515 4196 repetenda
2543 4119 2691 4192 est3
2757 4099 2988 4176 velut:
3036 4100 3229 4194 Quin
3259 4100 3499 4173 abeo?
3544 4098 4059 4196 explicandum

306 4253 454 4310 est:
505 4239 718 4310 Gehe
749 4236 908 4309 ich?
962 4236 1045 4330 Ja
1073 4260 1353 4307 warum
1385 4235 1630 4308 nicht?
1681 4235 1887 4334 Ergo
1918 4253 2193 4322 orator,
2251 4236 2369 4336 qui
2424 4235 2800 4333 paulisper
2852 4236 3194 4322 haesitat,
3257 4234 3426 4307 ilico
3486 4232 3843 4329 particula
3897 4234 4067 4334 quin

307 4372 617 4444 animum
674 4397 881 4444 suum
937 4369 1338 4443 confirmat.
1444 4369 1671 4464 Quod
1726 4369 1954 4444 multo
2007 4371 2247 4468 magis
2302 4369 2384 4443 fit
2435 4369 2505 4442 in
2561 4369 2927 4444 sententia
2983 4394 3119 4466 per
3174 4395 3259 4442 se
3314 4369 3770 4443 affirmativa.
3865 4367 4060 4441 Nam

304 4506 534 4579 velut:
593 4505 787 4597 Quin
845 4506 1060 4588 abe0,
1118 4501 1496 4599 significat,
1553 4529 1745 4594 eum,
1811 4505 1929 4602 qui
1987 4501 2323 4601 loquitur,
2392 4503 2596 4577 abire
2666 4503 3169 4588 constituisse;
3252 4519 3477 4600 atque
3557 4502 3633 4574 id
3690 4498 4066 4575 consilium

304 4639 661 4735 particula
716 4640 884 4738 quin
939 4639 1194 4712 addita
1247 4637 1471 4712 multo
1527 4637 1766 4736 magis
1821 4639 2169 4720 firmatur:
2256 4637 2515 4712 Sicher
2576 4637 2775 4732 gehe
2862 4637 2973 4711 ich
3054 4637 3219 4710 fort.
3358 4635 3657 4710 Deinde
3716 4663 3809 4711 ea
3864 4635 4062 4733 quin-

307 4775 677 4846 enuntiata
728 4775 797 4846 in
851 4771 1204 4863 ὑπόταξιν
1256 4788 1657 4863 transeunt,
1716 4798 1863 4874 quo
1915 4775 2013 4864 fit,
2068 4789 2149 4846 ut
2211 4797 2390 4844 vera
2453 4772 2853 4867 particulae
2927 4771 3360 4870 significatio
3433 4789 3779 4854 mutetur;
3863 4767 4067 4844 velut

957 4936 1078 5009 Nil
1128 4952 1280 5010 tam
1334 4933 1628 5012 difficile
1687 4952 1831 5022 est,
1886 4935 2058 5036 quin
2111 4935 2552 5032 quaerendo
2608 4935 3043 5033 investigari
3092 4935 3401 5032 possiet.

309 5098 550 5191 Quam
635 5113 1064 5174 structuram
1150 5117 1448 5174 vertere
1529 5095 1900 5171 solemus:
2005 5096 2266 5170 Nichts
2346 5096 2443 5170 ist
2533 5122 2624 5170 so
2680 5097 3092 5193 schwierig,
3176 5096 3355 5170 dass
3436 5121 3601 5170 man
3682 5123 3767 5171 es
3838 5094 4064 5168 durch

307 5232 368 5310 F
372 5234 683 5306 orschen
735 5234 933 5308 nicht
1013 5231 1442 5334 ergriinden
1492 5230 1818 5324 konnte3
1898 5229 1941 5303 i.
1993 5256 2058 5304 e.
2113 5230 2374 5306 Sicher
2436 5231 2639 5307 kann
2689 5257 2861 5308 man
2918 5257 3027 5307 es,
3160 5232 3417 5329 Itaque
3497 5233 3683 5306 hanc
3764 5254 4062 5331 quoque

3716 5548 4375 5595 -.„--„—„-————’—-
