<?xml version="1.0" encoding="UTF-8"?>
<!DOCTYPE html PUBLIC "-//W3C//DTD XHTML 1.0 Transitional//EN"
    "http://www.w3.org/TR/xhtml1/DTD/xhtml1-transitional.dtd">
<html xmlns="http://www.w3.org/1999/xhtml" xml:lang="en" lang="en">
 <head>
  <title>
</title>
<meta http-equiv="Content-Type" content="text/html;charset=utf-8" />
  <meta name='ocr-system' content='tesseract 3.04.00' />
  <meta name='ocr-capabilities' content='ocr_page ocr_carea ocr_par ocr_line ocrx_word'/>
</head>
<body>
  <div class='ocr_page' id='page_1' title='image "./quaestionesplau00schngoog_0014.png"; bbox 0 0 4409 5675; ppageno 0'>
   <div class='ocr_carea' id='block_1_1' title="bbox 2232 330 2311 378">
    <p class='ocr_par' dir='ltr' id='par_1_1' title="bbox 2232 330 2311 378">
     <span class='ocr_line' id='line_1_1' title="bbox 2232 330 2311 378; baseline 0.013 -1"><span class='ocrx_word' id='word_1_1' title='bbox 2232 330 2311 378; x_wconf 82' lang='lat'>10</span> 
     </span>
    </p>
   </div>
   <div class='ocr_carea' id='block_1_2' title="bbox 375 528 4131 4410">
    <p class='ocr_par' dir='ltr' id='par_1_2' title="bbox 375 528 4131 4410">
     <span class='ocr_line' id='line_1_2' title="bbox 707 528 2051 623; baseline 0 -22"><span class='ocrx_word' id='word_1_2' title='bbox 707 528 854 602; x_wconf 88' lang='lat' dir='ltr'>Mil.</span> <span class='ocrx_word' id='word_1_3' title='bbox 915 531 1094 620; x_wconf 89' lang='lat'>948:</span> <span class='ocrx_word' id='word_1_4' title='bbox 1149 528 1306 603; x_wconf 87' lang='lat' dir='ltr'>misi</span> <span class='ocrx_word' id='word_1_5' title='bbox 1360 529 1760 623; x_wconf 83' lang='lat' dir='ltr'>parasitum</span> <span class='ocrx_word' id='word_1_6' title='bbox 1815 556 2051 601; x_wconf 88' lang='lat' dir='ltr'>meum</span> 
     </span>
     <span class='ocr_line' id='line_1_3' title="bbox 1131 660 3447 758; baseline 0.001 -23"><span class='ocrx_word' id='word_1_7' title='bbox 1131 664 1230 735; x_wconf 92' lang='lat' dir='ltr'>Ut</span> <span class='ocrx_word' id='word_1_8' title='bbox 1281 660 1607 735; x_wconf 89' lang='lat' dir='ltr'>latrones</span> <span class='ocrx_word' id='word_1_9' title='bbox 1663 688 1848 758; x_wconf 91' lang='lat' dir='ltr'>quos</span> <span class='ocrx_word' id='word_1_10' title='bbox 1906 664 2245 745; x_wconf 77' lang='lat' dir='ltr'>conduxi,</span> <span class='ocrx_word' id='word_1_11' title='bbox 2304 664 2473 736; x_wconf 87' lang='lat' dir='ltr'>hinc</span> <span class='ocrx_word' id='word_1_12' title='bbox 2530 664 2628 736; x_wconf 92' lang='lat' dir='ltr'>ad</span> <span class='ocrx_word' id='word_1_13' title='bbox 2680 665 3069 736; x_wconf 83' lang='lat' dir='ltr'>Seleucum</span> <span class='ocrx_word' id='word_1_14' title='bbox 3121 665 3447 739; x_wconf 87' lang='lat' dir='ltr'>duceret.</span> 
     </span>
     <span class='ocr_line' id='line_1_4' title="bbox 703 796 3237 881; baseline 0.002 -14"><span class='ocrx_word' id='word_1_15' title='bbox 703 796 779 868; x_wconf 93' lang='lat' dir='ltr'>id</span> <span class='ocrx_word' id='word_1_16' title='bbox 835 814 986 868; x_wconf 89' lang='lat' dir='ltr'>est:</span> <span class='ocrx_word' id='word_1_17' title='bbox 1047 796 1164 867; x_wconf 89' lang='lat' dir='ltr'>Ich</span> <span class='ocrx_word' id='word_1_18' title='bbox 1219 796 1484 868; x_wconf 91' lang='lat' dir='ltr'>sandte</span> <span class='ocrx_word' id='word_1_19' title='bbox 1541 797 1658 869; x_wconf 90' lang='lat' dir='ltr'>ihn</span> <span class='ocrx_word' id='word_1_20' title='bbox 1713 798 1874 881; x_wconf 72' lang='lat' dir='ltr'>hin3</span> <span class='ocrx_word' id='word_1_21' title='bbox 1933 842 2028 851; x_wconf 89' lang='lat'>—-</span> <span class='ocrx_word' id='word_1_22' title='bbox 2093 843 2190 851; x_wconf 93' lang='lat'><strong>—</strong></span> <span class='ocrx_word' id='word_1_23' title='bbox 2252 822 2298 869; x_wconf 97' lang='lat' dir='ltr'>o</span> <span class='ocrx_word' id='word_1_24' title='bbox 2352 797 2652 870; x_wconf 79' lang='lat' dir='ltr'>mochte</span> <span class='ocrx_word' id='word_1_25' title='bbox 2708 824 2791 871; x_wconf 88' lang='lat' dir='ltr'>er</span> <span class='ocrx_word' id='word_1_26' title='bbox 2848 800 3041 871; x_wconf 88' lang='lat' dir='ltr'>doch</span> <span class='ocrx_word' id='word_1_27' title='bbox 3096 819 3237 871; x_wconf 89' lang='lat' dir='ltr'>etc.</span> 
     </span>
     <span class='ocr_line' id='line_1_5' title="bbox 704 930 3065 1028; baseline 0.001 -26"><span class='ocrx_word' id='word_1_28' title='bbox 704 933 887 1003; x_wconf 90' lang='lat' dir='ltr'>Rud.</span> <span class='ocrx_word' id='word_1_29' title='bbox 948 952 1132 1024; x_wconf 89' lang='lat'>274:</span> <span class='ocrx_word' id='word_1_30' title='bbox 1183 930 1390 1004; x_wconf 90' lang='lat' dir='ltr'>Nunc</span> <span class='ocrx_word' id='word_1_31' title='bbox 1446 932 1568 1004; x_wconf 91' lang='lat' dir='ltr'>tibi</span> <span class='ocrx_word' id='word_1_32' title='bbox 1624 930 2125 1027; x_wconf 79' lang='lat' dir='ltr'>amplectimur</span> <span class='ocrx_word' id='word_1_33' title='bbox 2181 958 2424 1027; x_wconf 89' lang='lat' dir='ltr'>genua</span> <span class='ocrx_word' id='word_1_34' title='bbox 2478 948 2794 1027; x_wconf 83' lang='lat' dir='ltr'>egentes</span> <span class='ocrx_word' id='word_1_35' title='bbox 2847 958 3065 1028; x_wconf 89' lang='lat' dir='ltr'>opum</span> 
     </span>
     <span class='ocr_line' id='line_1_6' title="bbox 1127 1064 2852 1161; baseline 0 -24"><span class='ocrx_word' id='word_1_36' title='bbox 1127 1064 1348 1158; x_wconf 78' lang='lat' dir='ltr'>Quae</span> <span class='ocrx_word' id='word_1_37' title='bbox 1405 1067 1474 1138; x_wconf 91' lang='lat' dir='ltr'>in</span> <span class='ocrx_word' id='word_1_38' title='bbox 1528 1065 1712 1139; x_wconf 88' lang='lat' dir='ltr'>locis</span> <span class='ocrx_word' id='word_1_39' title='bbox 1771 1067 2035 1139; x_wconf 81' lang='lat' dir='ltr'>nesciis</span> <span class='ocrx_word' id='word_1_40' title='bbox 2091 1068 2338 1139; x_wconf 90' lang='lat' dir='ltr'>nescia</span> <span class='ocrx_word' id='word_1_41' title='bbox 2392 1091 2528 1161; x_wconf 91' lang='lat' dir='ltr'>spe</span> <span class='ocrx_word' id='word_1_42' title='bbox 2584 1092 2852 1147; x_wconf 79' lang='lat' dir='ltr'>sumuS,</span> 
     </span>
     <span class='ocr_line' id='line_1_7' title="bbox 1126 1200 2060 1297; baseline 0.001 -23"><span class='ocrx_word' id='word_1_43' title='bbox 1126 1200 1229 1274; x_wconf 94' lang='lat' dir='ltr'>Ut</span> <span class='ocrx_word' id='word_1_44' title='bbox 1281 1216 1412 1273; x_wconf 92' lang='lat' dir='ltr'>tuo</span> <span class='ocrx_word' id='word_1_45' title='bbox 1467 1202 1780 1297; x_wconf 84' lang='lat' dir='ltr'>recipias</span> <span class='ocrx_word' id='word_1_46' title='bbox 1839 1216 2060 1275; x_wconf 81' lang='lat' dir='ltr'>tecto.</span> 
     </span>
     <span class='ocr_line' id='line_1_8' title="bbox 702 1336 2925 1418; baseline 0 -10"><span class='ocrx_word' id='word_1_47' title='bbox 702 1336 865 1409; x_wconf 91' lang='lat' dir='ltr'>Wir</span> <span class='ocrx_word' id='word_1_48' title='bbox 915 1337 1289 1409; x_wconf 87' lang='lat' dir='ltr'>umfassen</span> <span class='ocrx_word' id='word_1_49' title='bbox 1345 1336 1564 1409; x_wconf 89' lang='lat' dir='ltr'>deine</span> <span class='ocrx_word' id='word_1_50' title='bbox 1621 1336 1856 1410; x_wconf 90' lang='lat' dir='ltr'>Kniee</span> <span class='ocrx_word' id='word_1_51' title='bbox 1924 1397 1936 1410; x_wconf 95' lang='lat'>.</span> <span class='ocrx_word' id='word_1_52' title='bbox 1998 1398 2011 1410; x_wconf 93' lang='lat'>.</span> <span class='ocrx_word' id='word_1_53' title='bbox 2075 1394 2087 1408; x_wconf 91' lang='lat'>.</span> <span class='ocrx_word' id='word_1_54' title='bbox 2148 1364 2161 1418; x_wconf 92' lang='lat'>;</span> <span class='ocrx_word' id='word_1_55' title='bbox 2222 1362 2267 1409; x_wconf 96' lang='lat' dir='ltr'>o</span> <span class='ocrx_word' id='word_1_56' title='bbox 2324 1336 2541 1409; x_wconf 87' lang='lat' dir='ltr'>nimm</span> <span class='ocrx_word' id='word_1_57' title='bbox 2596 1362 2727 1409; x_wconf 87' lang='lat' dir='ltr'>uns</span> <span class='ocrx_word' id='word_1_58' title='bbox 2786 1337 2925 1409; x_wconf 85' lang='lat' dir='ltr'>auf.</span> 
     </span>
     <span class='ocr_line' id='line_1_9' title="bbox 699 1470 2867 1568; baseline -0 -24"><span class='ocrx_word' id='word_1_59' title='bbox 699 1471 915 1545; x_wconf 89' lang='lat' dir='ltr'>Truc.</span> <span class='ocrx_word' id='word_1_60' title='bbox 976 1472 1094 1545; x_wconf 91' lang='lat' dir='ltr'>IV.</span> <span class='ocrx_word' id='word_1_61' title='bbox 1153 1496 1218 1560; x_wconf 92' lang='lat'>4.</span> <span class='ocrx_word' id='word_1_62' title='bbox 1286 1495 1410 1560; x_wconf 84' lang='lat'>19:</span> <span class='ocrx_word' id='word_1_63' title='bbox 1471 1472 1740 1545; x_wconf 89' lang='lat' dir='ltr'>amabo</span> <span class='ocrx_word' id='word_1_64' title='bbox 1795 1489 1874 1543; x_wconf 90' lang='lat' dir='ltr'>ut</span> <span class='ocrx_word' id='word_1_65' title='bbox 1925 1473 2066 1544; x_wconf 86' lang='lat' dir='ltr'>hos</span> <span class='ocrx_word' id='word_1_66' title='bbox 2119 1470 2279 1545; x_wconf 90' lang='lat' dir='ltr'>dies</span> <span class='ocrx_word' id='word_1_67' title='bbox 2334 1471 2617 1568; x_wconf 88' lang='lat' dir='ltr'>aliquos</span> <span class='ocrx_word' id='word_1_68' title='bbox 2674 1471 2867 1543; x_wconf 89' lang='lat' dir='ltr'>sinas</span> 
     </span>
     <span class='ocr_line' id='line_1_10' title="bbox 1442 1606 2305 1702; baseline -0.001 -23"><span class='ocrx_word' id='word_1_69' title='bbox 1442 1606 1629 1679; x_wconf 91' lang='lat' dir='ltr'>Eum</span> <span class='ocrx_word' id='word_1_70' title='bbox 1685 1632 1855 1679; x_wconf 87' lang='lat' dir='ltr'>esse</span> <span class='ocrx_word' id='word_1_71' title='bbox 1913 1607 2114 1702; x_wconf 90' lang='lat' dir='ltr'>apud</span> <span class='ocrx_word' id='word_1_72' title='bbox 2166 1632 2305 1679; x_wconf 90' lang='lat' dir='ltr'>me.</span> 
     </span>
     <span class='ocr_line' id='line_1_11' title="bbox 703 1738 4021 1841; baseline 0.001 -28"><span class='ocrx_word' id='word_1_73' title='bbox 703 1741 823 1814; x_wconf 93' lang='lat' dir='ltr'>Ich</span> <span class='ocrx_word' id='word_1_74' title='bbox 876 1738 1014 1814; x_wconf 88' lang='lat' dir='ltr'>will</span> <span class='ocrx_word' id='word_1_75' title='bbox 1071 1741 1241 1814; x_wconf 89' lang='lat' dir='ltr'>dich</span> <span class='ocrx_word' id='word_1_76' title='bbox 1299 1738 1537 1816; x_wconf 89' lang='lat' dir='ltr'>lieben</span> <span class='ocrx_word' id='word_1_77' title='bbox 1595 1750 1728 1839; x_wconf 52' lang='grc' dir='ltr'>(ει-</span> <span class='ocrx_word' id='word_1_78' title='bbox 1781 1742 1893 1815; x_wconf 91' lang='lat' dir='ltr'>ich</span> <span class='ocrx_word' id='word_1_79' title='bbox 1951 1742 2162 1836; x_wconf 90' lang='lat' dir='ltr'>bitte)</span> <span class='ocrx_word' id='word_1_80' title='bbox 2221 1786 2323 1796; x_wconf 89' lang='lat'>---</span> <span class='ocrx_word' id='word_1_81' title='bbox 2382 1786 2479 1797; x_wconf 87' lang='lat'>--</span> <span class='ocrx_word' id='word_1_82' title='bbox 2540 1739 2689 1815; x_wconf 88' lang='lat' dir='ltr'>lass</span> <span class='ocrx_word' id='word_1_83' title='bbox 2750 1768 2831 1815; x_wconf 89' lang='lat' dir='ltr'>es</span> <span class='ocrx_word' id='word_1_84' title='bbox 2886 1741 3125 1837; x_wconf 90' lang='lat' dir='ltr'>einige</span> <span class='ocrx_word' id='word_1_85' title='bbox 3183 1744 3395 1841; x_wconf 85' lang='lat' dir='ltr'>Tage</span> <span class='ocrx_word' id='word_1_86' title='bbox 3456 1744 3647 1817; x_wconf 88' lang='lat' dir='ltr'>noch</span> <span class='ocrx_word' id='word_1_87' title='bbox 3700 1746 3822 1818; x_wconf 90' lang='lat' dir='ltr'>bei</span> <span class='ocrx_word' id='word_1_88' title='bbox 3874 1746 4021 1817; x_wconf 89' lang='lat' dir='ltr'>mir.</span> 
     </span>
     <span class='ocr_line' id='line_1_12' title="bbox 698 1876 2649 1973; baseline 0 -24"><span class='ocrx_word' id='word_1_89' title='bbox 698 1876 891 1950; x_wconf 91' lang='lat' dir='ltr'>Men.</span> <span class='ocrx_word' id='word_1_90' title='bbox 953 1899 1139 1970; x_wconf 88' lang='lat'>425:</span> <span class='ocrx_word' id='word_1_91' title='bbox 1193 1877 1294 1950; x_wconf 91' lang='lat' dir='ltr'>Ut</span> <span class='ocrx_word' id='word_1_92' title='bbox 1345 1878 1496 1951; x_wconf 91' lang='lat' dir='ltr'>scin</span> <span class='ocrx_word' id='word_1_93' title='bbox 1551 1877 1722 1973; x_wconf 91' lang='lat' dir='ltr'>quid</span> <span class='ocrx_word' id='word_1_94' title='bbox 1781 1892 1854 1951; x_wconf 85' lang='lat' dir='ltr'>te</span> <span class='ocrx_word' id='word_1_95' title='bbox 1911 1879 2182 1950; x_wconf 88' lang='lat' dir='ltr'>amabo</span> <span class='ocrx_word' id='word_1_96' title='bbox 2240 1894 2321 1950; x_wconf 91' lang='lat' dir='ltr'>ut</span> <span class='ocrx_word' id='word_1_97' title='bbox 2378 1876 2649 1949; x_wconf 87' lang='lat' dir='ltr'>facias?</span> 
     </span>
     <span class='ocr_line' id='line_1_13' title="bbox 2606 2012 3518 2109; baseline 0.002 -25"><span class='ocrx_word' id='word_1_98' title='bbox 2606 2013 2885 2109; x_wconf 89' lang='lat' dir='ltr'>impera</span> <span class='ocrx_word' id='word_1_99' title='bbox 2937 2012 3219 2109; x_wconf 89' lang='lat' dir='ltr'>quidvis</span> <span class='ocrx_word' id='word_1_100' title='bbox 3271 2015 3518 2087; x_wconf 81' lang='lat' dir='ltr'>modo,</span> 
     </span>
     <span class='ocr_line' id='line_1_14' title="bbox 1225 2144 3952 2246; baseline 0.001 -27"><span class='ocrx_word' id='word_1_101' title='bbox 1225 2144 1496 2221; x_wconf 89' lang='lat' dir='ltr'>Pallam</span> <span class='ocrx_word' id='word_1_102' title='bbox 1549 2146 1738 2222; x_wconf 89' lang='lat' dir='ltr'>illam</span> <span class='ocrx_word' id='word_1_103' title='bbox 1793 2173 2011 2243; x_wconf 90' lang='lat' dir='ltr'>quam</span> <span class='ocrx_word' id='word_1_104' title='bbox 2070 2149 2342 2220; x_wconf 89' lang='lat' dir='ltr'>dudum</span> <span class='ocrx_word' id='word_1_105' title='bbox 2397 2147 2742 2234; x_wconf 78' lang='lat' dir='ltr'>dedera5‚</span> <span class='ocrx_word' id='word_1_106' title='bbox 2804 2147 2899 2220; x_wconf 91' lang='lat' dir='ltr'>ad</span> <span class='ocrx_word' id='word_1_107' title='bbox 2956 2148 3445 2246; x_wconf 78' lang='lat' dir='ltr'>phrygionem</span> <span class='ocrx_word' id='word_1_108' title='bbox 3500 2167 3579 2222; x_wconf 92' lang='lat' dir='ltr'>ut</span> <span class='ocrx_word' id='word_1_109' title='bbox 3635 2150 3952 2223; x_wconf 89' lang='lat' dir='ltr'>deferas.</span> 
     </span>
     <span class='ocr_line' id='line_1_15' title="bbox 703 2280 4125 2378; baseline 0.001 -24"><span class='ocrx_word' id='word_1_110' title='bbox 703 2281 824 2355; x_wconf 91' lang='lat' dir='ltr'>De</span> <span class='ocrx_word' id='word_1_111' title='bbox 875 2283 1078 2355; x_wconf 90' lang='lat' dir='ltr'>verbi</span> <span class='ocrx_word' id='word_1_112' title='bbox 1131 2282 1422 2357; x_wconf 90' lang='lat' dir='ltr'>amandi</span> <span class='ocrx_word' id='word_1_113' title='bbox 1473 2282 1544 2356; x_wconf 92' lang='lat' dir='ltr'>in</span> <span class='ocrx_word' id='word_1_114' title='bbox 1597 2280 1859 2356; x_wconf 87' lang='lat' dir='ltr'>talibus</span> <span class='ocrx_word' id='word_1_115' title='bbox 1945 2284 2321 2355; x_wconf 85' lang='lat' dir='ltr'>structuris</span> <span class='ocrx_word' id='word_1_116' title='bbox 2391 2284 2925 2378; x_wconf 86' lang='lat' dir='ltr'>significatione</span> <span class='ocrx_word' id='word_1_117' title='bbox 2983 2284 3527 2358; x_wconf 89' lang='lat' dir='ltr'>Lindemannus</span> <span class='ocrx_word' id='word_1_118' title='bbox 3597 2285 3694 2357; x_wconf 93' lang='lat' dir='ltr'>ad</span> <span class='ocrx_word' id='word_1_119' title='bbox 3750 2286 3895 2357; x_wconf 91' lang='lat' dir='ltr'>Mil.</span> <span class='ocrx_word' id='word_1_120' title='bbox 3958 2308 4125 2377; x_wconf 90' lang='lat'>900.</span> 
     </span>
     <span class='ocr_line' id='line_1_16' title="bbox 381 2416 4129 2515; baseline 0.001 -26"><span class='ocrx_word' id='word_1_121' title='bbox 381 2417 564 2490; x_wconf 89' lang='lat' dir='ltr'>haec</span> <span class='ocrx_word' id='word_1_122' title='bbox 617 2434 824 2491; x_wconf 89' lang='lat' dir='ltr'>recte</span> <span class='ocrx_word' id='word_1_123' title='bbox 879 2418 1222 2492; x_wconf 84' lang='lat' dir='ltr'>adnotat:</span> <span class='ocrx_word' id='word_1_124' title='bbox 1293 2418 1692 2491; x_wconf 80' lang='lat' dir='ltr'>»Precandi</span> <span class='ocrx_word' id='word_1_125' title='bbox 1729 2416 2031 2491; x_wconf 72' lang='lat' dir='ltr'>formula</span> <span class='ocrx_word' id='word_1_126' title='bbox 2067 2418 2441 2491; x_wconf 81' lang='lat' dir='ltr'>notissima</span> <span class='ocrx_word' id='word_1_127' title='bbox 2496 2421 2760 2491; x_wconf 89' lang='lat' dir='ltr'>amabo</span> <span class='ocrx_word' id='word_1_128' title='bbox 2814 2418 2913 2492; x_wconf 89' lang='lat' dir='ltr'>ita</span> <span class='ocrx_word' id='word_1_129' title='bbox 2970 2418 3411 2515; x_wconf 88' lang='lat' dir='ltr'>explicanda</span> <span class='ocrx_word' id='word_1_130' title='bbox 3466 2420 3796 2493; x_wconf 88' lang='lat' dir='ltr'>videtur:</span> <span class='ocrx_word' id='word_1_131' title='bbox 3858 2422 4129 2493; x_wconf 88' lang='lat' dir='ltr'>amabo</span> 
     </span>
     <span class='ocr_line' id='line_1_17' title="bbox 379 2550 4131 2652; baseline 0.001 -28"><span class='ocrx_word' id='word_1_132' title='bbox 379 2568 474 2636; x_wconf 87' lang='lat' dir='ltr'>te,</span> <span class='ocrx_word' id='word_1_133' title='bbox 531 2553 590 2625; x_wconf 90' lang='lat' dir='ltr'>si</span> <span class='ocrx_word' id='word_1_134' title='bbox 647 2553 872 2640; x_wconf 81' lang='lat' dir='ltr'>dicaS,</span> <span class='ocrx_word' id='word_1_135' title='bbox 946 2553 1151 2650; x_wconf 93' lang='lat' dir='ltr'>quod</span> <span class='ocrx_word' id='word_1_136' title='bbox 1221 2578 1520 2650; x_wconf 86' lang='lat' dir='ltr'>quaero,</span> <span class='ocrx_word' id='word_1_137' title='bbox 1609 2553 1840 2625; x_wconf 87' lang='lat' dir='ltr'>facias</span> <span class='ocrx_word' id='word_1_138' title='bbox 1909 2552 2112 2647; x_wconf 91' lang='lat' dir='ltr'>quod</span> <span class='ocrx_word' id='word_1_139' title='bbox 2178 2550 2374 2625; x_wconf 81' lang='lat' dir='ltr'>volo,</span> <span class='ocrx_word' id='word_1_140' title='bbox 2497 2554 2669 2625; x_wconf 93' lang='lat' dir='ltr'>Inde</span> <span class='ocrx_word' id='word_1_141' title='bbox 2736 2580 2867 2625; x_wconf 91' lang='lat' dir='ltr'>usu</span> <span class='ocrx_word' id='word_1_142' title='bbox 2937 2557 3165 2652; x_wconf 86' lang='lat' dir='ltr'>longo</span> <span class='ocrx_word' id='word_1_143' title='bbox 3236 2556 3531 2641; x_wconf 71' lang='lat' dir='ltr'>factum,</span> <span class='ocrx_word' id='word_1_144' title='bbox 3612 2570 3688 2627; x_wconf 90' lang='lat' dir='ltr'>ut</span> <span class='ocrx_word' id='word_1_145' title='bbox 3754 2558 3971 2628; x_wconf 87' lang='lat' dir='ltr'>etiam</span> <span class='ocrx_word' id='word_1_146' title='bbox 4028 2556 4131 2627; x_wconf 88' lang='lat' dir='ltr'>sic</span> 
     </span>
     <span class='ocr_line' id='line_1_18' title="bbox 383 2685 2309 2785; baseline 0.001 -26"><span class='ocrx_word' id='word_1_147' title='bbox 383 2685 800 2783; x_wconf 87' lang='lat' dir='ltr'>simpliciter</span> <span class='ocrx_word' id='word_1_148' title='bbox 851 2706 1192 2784; x_wconf 87' lang='lat' dir='ltr'>ponatur,</span> <span class='ocrx_word' id='word_1_149' title='bbox 1253 2705 1332 2761; x_wconf 91' lang='lat' dir='ltr'>ut</span> <span class='ocrx_word' id='word_1_150' title='bbox 1380 2712 1691 2785; x_wconf 79' lang='lat' dir='ltr'>quaese,</span> <span class='ocrx_word' id='word_1_151' title='bbox 1747 2711 2039 2782; x_wconf 75' lang='lat' dir='ltr'>precor,</span> <span class='ocrx_word' id='word_1_152' title='bbox 2097 2712 2309 2761; x_wconf 80' lang='lat' dir='ltr'>oro«.</span> 
     </span>
     <span class='ocr_line' id='line_1_19' title="bbox 694 2822 1764 2920; baseline -0.002 -24"><span class='ocrx_word' id='word_1_153' title='bbox 694 2824 890 2898; x_wconf 88' lang='lat' dir='ltr'>Men.</span> <span class='ocrx_word' id='word_1_154' title='bbox 958 2825 1148 2916; x_wconf 89' lang='lat'><strong>328:</strong></span> <span class='ocrx_word' id='word_1_155' title='bbox 1207 2823 1551 2920; x_wconf 88' lang='lat' dir='ltr'>numquid</span> <span class='ocrx_word' id='word_1_156' title='bbox 1600 2822 1764 2896; x_wconf 90' lang='lat' dir='ltr'>vis?</span> 
     </span>
     <span class='ocr_line' id='line_1_20' title="bbox 1753 2959 3277 3031; baseline 0.002 -3"><span class='ocrx_word' id='word_1_157' title='bbox 1753 2973 1832 3030; x_wconf 90' lang='lat' dir='ltr'>ut</span> <span class='ocrx_word' id='word_1_158' title='bbox 1888 2983 2020 3031; x_wconf 88' lang='lat' dir='ltr'>eas</span> <span class='ocrx_word' id='word_1_159' title='bbox 2077 2984 2489 3031; x_wconf 87' lang='lat' dir='ltr'>maxumam</span> <span class='ocrx_word' id='word_1_160' title='bbox 2541 2959 2612 3031; x_wconf 92' lang='lat' dir='ltr'>in</span> <span class='ocrx_word' id='word_1_161' title='bbox 2664 2961 2929 3031; x_wconf 90' lang='lat' dir='ltr'>malam</span> <span class='ocrx_word' id='word_1_162' title='bbox 2986 2983 3277 3031; x_wconf 88' lang='lat' dir='ltr'>crucem</span> 
     </span>
     <span class='ocr_line' id='line_1_21' title="bbox 1754 3093 3107 3192; baseline 0.001 -28"><span class='ocrx_word' id='word_1_163' title='bbox 1754 3093 2063 3188; x_wconf 73' lang='lat' dir='ltr'>Mogest</span> <span class='ocrx_word' id='word_1_164' title='bbox 2117 3094 2213 3164; x_wconf 88' lang='lat' dir='ltr'>du</span> <span class='ocrx_word' id='word_1_165' title='bbox 2268 3120 2425 3166; x_wconf 91' lang='lat' dir='ltr'>zum</span> <span class='ocrx_word' id='word_1_166' title='bbox 2479 3093 2785 3190; x_wconf 84' lang='lat' dir='ltr'>Henker</span> <span class='ocrx_word' id='word_1_167' title='bbox 2840 3095 3107 3192; x_wconf 86' lang='lat' dir='ltr'>gehen.</span> 
     </span>
     <span class='ocr_line' id='line_1_22' title="bbox 693 3228 2629 3322; baseline 0 -20"><span class='ocrx_word' id='word_1_168' title='bbox 693 3229 884 3302; x_wconf 91' lang='lat' dir='ltr'>Rud.</span> <span class='ocrx_word' id='word_1_169' title='bbox 954 3251 1178 3322; x_wconf 86' lang='lat'>1215:</span> <span class='ocrx_word' id='word_1_170' title='bbox 1242 3229 1385 3300; x_wconf 91' lang='lat' dir='ltr'>iam</span> <span class='ocrx_word' id='word_1_171' title='bbox 1439 3228 1553 3300; x_wconf 90' lang='lat' dir='ltr'>hic</span> <span class='ocrx_word' id='word_1_172' title='bbox 1616 3228 1734 3300; x_wconf 91' lang='lat' dir='ltr'>fac</span> <span class='ocrx_word' id='word_1_173' title='bbox 1789 3229 1898 3312; x_wconf 89' lang='lat' dir='ltr'>sit,</span> <span class='ocrx_word' id='word_1_174' title='bbox 1954 3254 2139 3302; x_wconf 89' lang='lat' dir='ltr'>cena</span> <span class='ocrx_word' id='word_1_175' title='bbox 2191 3246 2271 3301; x_wconf 92' lang='lat' dir='ltr'>ut</span> <span class='ocrx_word' id='word_1_176' title='bbox 2322 3245 2629 3302; x_wconf 88' lang='lat' dir='ltr'>curetur.</span> 
     </span>
     <span class='ocr_line' id='line_1_23' title="bbox 691 3363 4126 3460; baseline -0.001 -26"><span class='ocrx_word' id='word_1_177' title='bbox 691 3365 1020 3437; x_wconf 89' lang='lat' dir='ltr'>Pendent</span> <span class='ocrx_word' id='word_1_178' title='bbox 1056 3389 1148 3435; x_wconf 85' lang='lat' dir='ltr'>ex</span> <span class='ocrx_word' id='word_1_179' title='bbox 1181 3363 1414 3436; x_wconf 81' lang='lat' dir='ltr'>verbo</span> <span class='ocrx_word' id='word_1_180' title='bbox 1469 3363 1584 3435; x_wconf 90' lang='lat' dir='ltr'>fac</span> <span class='ocrx_word' id='word_1_181' title='bbox 1637 3379 1715 3435; x_wconf 92' lang='lat' dir='ltr'>et</span> <span class='ocrx_word' id='word_1_182' title='bbox 1764 3389 2002 3436; x_wconf 91' lang='lat' dir='ltr'>merus</span> <span class='ocrx_word' id='word_1_183' title='bbox 2051 3365 2543 3456; x_wconf 78' lang='lat' dir='ltr'>conjunctivus</span> <span class='ocrx_word' id='word_1_184' title='bbox 2598 3381 2674 3436; x_wconf 92' lang='lat' dir='ltr'>et</span> <span class='ocrx_word' id='word_1_185' title='bbox 2711 3363 3063 3459; x_wconf 89' lang='lat' dir='ltr'>particula</span> <span class='ocrx_word' id='word_1_186' title='bbox 3113 3383 3209 3447; x_wconf 92' lang='lat' dir='ltr'>ut,</span> <span class='ocrx_word' id='word_1_187' title='bbox 3251 3389 3441 3460; x_wconf 90' lang='lat' dir='ltr'>quae</span> <span class='ocrx_word' id='word_1_188' title='bbox 3481 3364 3673 3435; x_wconf 88' lang='lat' dir='ltr'>duae</span> <span class='ocrx_word' id='word_1_189' title='bbox 3715 3379 4126 3436; x_wconf 79' lang='lat' dir='ltr'>structurae.</span> 
     </span>
     <span class='ocr_line' id='line_1_24' title="bbox 378 3498 2139 3595; baseline 0.001 -24"><span class='ocrx_word' id='word_1_190' title='bbox 378 3523 679 3594; x_wconf 88' lang='lat' dir='ltr'>prorsus</span> <span class='ocrx_word' id='word_1_191' title='bbox 737 3501 1008 3572; x_wconf 88' lang='lat' dir='ltr'>eodem</span> <span class='ocrx_word' id='word_1_192' title='bbox 1065 3498 1291 3570; x_wconf 89' lang='lat' dir='ltr'>modo</span> <span class='ocrx_word' id='word_1_193' title='bbox 1345 3512 1676 3593; x_wconf 88' lang='lat' dir='ltr'>optatum</span> <span class='ocrx_word' id='word_1_194' title='bbox 1729 3499 2139 3595; x_wconf 85' lang='lat' dir='ltr'>exprimunt</span> 
     </span>
     <span class='ocr_line' id='line_1_25' title="bbox 692 3631 4117 3732; baseline -0 -27"><span class='ocrx_word' id='word_1_195' title='bbox 692 3634 899 3706; x_wconf 90' lang='lat' dir='ltr'>Nunc</span> <span class='ocrx_word' id='word_1_196' title='bbox 954 3633 1268 3728; x_wconf 88' lang='lat' dir='ltr'>denique</span> <span class='ocrx_word' id='word_1_197' title='bbox 1327 3633 1845 3732; x_wconf 86' lang='lat' dir='ltr'>aggrediamur</span> <span class='ocrx_word' id='word_1_198' title='bbox 1903 3635 1999 3707; x_wconf 94' lang='lat' dir='ltr'>ad</span> <span class='ocrx_word' id='word_1_199' title='bbox 2064 3659 2269 3707; x_wconf 87' lang='lat' dir='ltr'>usum</span> <span class='ocrx_word' id='word_1_200' title='bbox 2322 3635 2721 3730; x_wconf 86' lang='lat' dir='ltr'>particulae</span> <span class='ocrx_word' id='word_1_201' title='bbox 2789 3635 3003 3729; x_wconf 89' lang='lat' dir='ltr'>quin</span> <span class='ocrx_word' id='word_1_202' title='bbox 3058 3631 3573 3705; x_wconf 88' lang='lat' dir='ltr'>illustrandum.</span> <span class='ocrx_word' id='word_1_203' title='bbox 3646 3632 3760 3703; x_wconf 88' lang='lat' dir='ltr'>Ac</span> <span class='ocrx_word' id='word_1_204' title='bbox 3814 3631 4117 3726; x_wconf 88' lang='lat' dir='ltr'>primum</span> 
     </span>
     <span class='ocr_line' id='line_1_26' title="bbox 380 3767 4125 3866; baseline -0.001 -26"><span class='ocrx_word' id='word_1_205' title='bbox 380 3769 675 3864; x_wconf 89' lang='lat' dir='ltr'>quidem</span> <span class='ocrx_word' id='word_1_206' title='bbox 730 3769 825 3840; x_wconf 93' lang='lat' dir='ltr'>de</span> <span class='ocrx_word' id='word_1_207' title='bbox 885 3767 1426 3864; x_wconf 89' lang='lat' dir='ltr'>compositione</span> <span class='ocrx_word' id='word_1_208' title='bbox 1480 3768 1681 3841; x_wconf 91' lang='lat' dir='ltr'>huius</span> <span class='ocrx_word' id='word_1_209' title='bbox 1737 3767 2138 3864; x_wconf 89' lang='lat' dir='ltr'>particulae</span> <span class='ocrx_word' id='word_1_210' title='bbox 2195 3785 2418 3864; x_wconf 88' lang='lat' dir='ltr'>atque</span> <span class='ocrx_word' id='word_1_211' title='bbox 2469 3767 2993 3866; x_wconf 85' lang='lat' dir='ltr'>significatione</span> <span class='ocrx_word' id='word_1_212' title='bbox 3048 3767 3505 3861; x_wconf 88' lang='lat' dir='ltr'>grammatici</span> <span class='ocrx_word' id='word_1_213' title='bbox 3563 3783 3640 3838; x_wconf 93' lang='lat' dir='ltr'>et</span> <span class='ocrx_word' id='word_1_214' title='bbox 3691 3782 3987 3838; x_wconf 84' lang='lat' dir='ltr'>veteres</span> <span class='ocrx_word' id='word_1_215' title='bbox 4046 3783 4125 3838; x_wconf 90' lang='lat' dir='ltr'>et</span> 
     </span>
     <span class='ocr_line' id='line_1_27' title="bbox 377 3902 4116 4000; baseline -0.001 -24"><span class='ocrx_word' id='word_1_216' title='bbox 377 3903 828 3976; x_wconf 89' lang='lat' dir='ltr'>recentiores</span> <span class='ocrx_word' id='word_1_217' title='bbox 884 3903 1180 3976; x_wconf 90' lang='lat' dir='ltr'>multum</span> <span class='ocrx_word' id='word_1_218' title='bbox 1237 3905 1802 4000; x_wconf 84' lang='lat' dir='ltr'>disputaverunt.</span> <span class='ocrx_word' id='word_1_219' title='bbox 1918 3903 2417 3978; x_wconf 88' lang='lat' dir='ltr'>Gernhardius</span> <span class='ocrx_word' id='word_1_220' title='bbox 2486 3919 2731 3975; x_wconf 88' lang='lat' dir='ltr'>autem</span> <span class='ocrx_word' id='word_1_221' title='bbox 2784 3906 3053 3998; x_wconf 72' lang='lat' dir='ltr'>putat9)</span> <span class='ocrx_word' id='word_1_222' title='bbox 3132 3902 3297 3996; x_wconf 92' lang='lat' dir='ltr'>quin</span> <span class='ocrx_word' id='word_1_223' title='bbox 3350 3917 3686 3974; x_wconf 88' lang='lat' dir='ltr'>constare</span> <span class='ocrx_word' id='word_1_224' title='bbox 3743 3927 3837 3974; x_wconf 86' lang='lat' dir='ltr'>ex</span> <span class='ocrx_word' id='word_1_225' title='bbox 3893 3903 4116 3973; x_wconf 88' lang='lat' dir='ltr'>nomi-</span> 
     </span>
     <span class='ocr_line' id='line_1_28' title="bbox 375 4035 4119 4138; baseline 0 -28"><span class='ocrx_word' id='word_1_226' title='bbox 375 4039 620 4111; x_wconf 91' lang='lat' dir='ltr'>nativo</span> <span class='ocrx_word' id='word_1_227' title='bbox 677 4039 795 4135; x_wconf 89' lang='lat' dir='ltr'>qui</span> <span class='ocrx_word' id='word_1_228' title='bbox 852 4055 928 4112; x_wconf 93' lang='lat' dir='ltr'>et</span> <span class='ocrx_word' id='word_1_229' title='bbox 981 4039 1374 4138; x_wconf 89' lang='lat' dir='ltr'>negatione</span> <span class='ocrx_word' id='word_1_230' title='bbox 1427 4065 1540 4123; x_wconf 89' lang='lat' dir='ltr'>ne,</span> <span class='ocrx_word' id='word_1_231' title='bbox 1601 4064 1790 4135; x_wconf 89' lang='lat' dir='ltr'>quae</span> <span class='ocrx_word' id='word_1_232' title='bbox 1845 4039 2208 4111; x_wconf 87' lang='lat' dir='ltr'>sententia</span> <span class='ocrx_word' id='word_1_233' title='bbox 2273 4039 2563 4109; x_wconf 91' lang='lat' dir='ltr'>omnino</span> <span class='ocrx_word' id='word_1_234' title='bbox 2624 4037 2790 4108; x_wconf 84' lang='lat' dir='ltr'>ferri</span> <span class='ocrx_word' id='word_1_235' title='bbox 2855 4061 3001 4109; x_wconf 91' lang='lat' dir='ltr'>non</span> <span class='ocrx_word' id='word_1_236' title='bbox 3056 4041 3429 4132; x_wconf 88' lang='lat' dir='ltr'>potest.¹⁰)</span> <span class='ocrx_word' id='word_1_237' title='bbox 3541 4035 3681 4109; x_wconf 84' lang='lat' dir='ltr'>Alii</span> <span class='ocrx_word' id='word_1_238' title='bbox 3738 4037 3866 4109; x_wconf 90' lang='lat' dir='ltr'>viri</span> <span class='ocrx_word' id='word_1_239' title='bbox 3925 4038 4119 4110; x_wconf 87' lang='lat' dir='ltr'>docti</span> 
     </span>
     <span class='ocr_line' id='line_1_29' title="bbox 377 4171 4103 4269; baseline -0.001 -24"><span class='ocrx_word' id='word_1_240' title='bbox 377 4173 525 4245; x_wconf 90' lang='lat' dir='ltr'>duo</span> <span class='ocrx_word' id='word_1_241' title='bbox 583 4173 880 4246; x_wconf 88' lang='lat' dir='ltr'>diversa</span> <span class='ocrx_word' id='word_1_242' title='bbox 935 4174 1102 4269; x_wconf 90' lang='lat' dir='ltr'>quin</span> <span class='ocrx_word' id='word_1_243' title='bbox 1161 4201 1330 4247; x_wconf 85' lang='lat' dir='ltr'>esse</span> <span class='ocrx_word' id='word_1_244' title='bbox 1401 4171 1795 4267; x_wconf 87' lang='lat' dir='ltr'>docent.¹¹)</span> <span class='ocrx_word' id='word_1_245' title='bbox 1850 4174 2033 4246; x_wconf 89' lang='lat' dir='ltr'>Sunt</span> <span class='ocrx_word' id='word_1_246' title='bbox 2098 4173 2220 4268; x_wconf 92' lang='lat' dir='ltr'>qui</span> <span class='ocrx_word' id='word_1_247' title='bbox 2288 4171 2712 4266; x_wconf 91' lang='lat' dir='ltr'>particulam</span> <span class='ocrx_word' id='word_1_248' title='bbox 2780 4173 2953 4268; x_wconf 87' lang='lat' dir='ltr'>quin</span> <span class='ocrx_word' id='word_1_249' title='bbox 3008 4173 3442 4244; x_wconf 88' lang='lat' dir='ltr'>arbitrentur</span> <span class='ocrx_word' id='word_1_250' title='bbox 3500 4197 3593 4244; x_wconf 85' lang='lat' dir='ltr'>ex</span> <span class='ocrx_word' id='word_1_251' title='bbox 3648 4173 4103 4268; x_wconf 90' lang='lat' dir='ltr'>pronominis</span> 
     </span>
     <span class='ocr_line' id='line_1_30' title="bbox 379 4304 4131 4410; baseline -0.001 -30"><span class='ocrx_word' id='word_1_252' title='bbox 379 4307 662 4381; x_wconf 88' lang='lat' dir='ltr'>relativi</span> <span class='ocrx_word' id='word_1_253' title='bbox 716 4305 1034 4381; x_wconf 91' lang='lat' dir='ltr'>ablativo</span> <span class='ocrx_word' id='word_1_254' title='bbox 1093 4309 1315 4410; x_wconf 80' lang='lat' dir='ltr'>qui12)</span> <span class='ocrx_word' id='word_1_255' title='bbox 1374 4324 1447 4380; x_wconf 92' lang='lat' dir='ltr'>et</span> <span class='ocrx_word' id='word_1_256' title='bbox 1519 4309 1914 4402; x_wconf 84' lang='lat' dir='ltr'>negatione</span> <span class='ocrx_word' id='word_1_257' title='bbox 1979 4304 2224 4405; x_wconf 71' lang='lat' dir='ltr'>non¹³³)</span> <span class='ocrx_word' id='word_1_258' title='bbox 2292 4323 2418 4377; x_wconf 89' lang='lat' dir='ltr'>aut</span> <span class='ocrx_word' id='word_1_259' title='bbox 2470 4304 2652 4396; x_wconf 56' lang='lat' dir='ltr'>neu)</span> <span class='ocrx_word' id='word_1_260' title='bbox 2722 4323 2954 4380; x_wconf 88' lang='lat' dir='ltr'>ortam</span> <span class='ocrx_word' id='word_1_261' title='bbox 3008 4333 3180 4380; x_wconf 89' lang='lat' dir='ltr'>esse</span> <span class='ocrx_word' id='word_1_262' title='bbox 3238 4324 3459 4402; x_wconf 89' lang='lat' dir='ltr'>atque</span> <span class='ocrx_word' id='word_1_263' title='bbox 3519 4307 4131 4404; x_wconf 89' lang='lat' dir='ltr'>significationem</span> 
     </span>
    </p>
   </div>
   <div class='ocr_carea' id='block_1_3' title="bbox 385 4489 500 4496">
    <p class='ocr_par' dir='ltr' id='par_1_3' title="bbox 385 4489 500 4496">
     <span class='ocr_line' id='line_1_31' title="bbox 385 4489 500 4496; baseline 0.009 -1"><span class='ocrx_word' id='word_1_264' title='bbox 385 4489 500 4496; x_wconf 47' lang='grc' dir='ltr'>-.ἡ</span> 
     </span>
    </p>
   </div>
   <div class='ocr_carea' id='block_1_4' title="bbox 507 4489 717 4497">
    <p class='ocr_par' dir='ltr' id='par_1_4' title="bbox 507 4489 717 4497">
     <span class='ocr_line' id='line_1_32' title="bbox 507 4489 717 4497; baseline 0 1178"><span class='ocrx_word' id='word_1_265' title='bbox 507 4489 717 4497; x_wconf 95' lang='lat' dir='ltr'> </span> 
     </span>
    </p>
   </div>
   <div class='ocr_carea' id='block_1_5' title="bbox 685 4583 4135 5370">
    <p class='ocr_par' dir='ltr' id='par_1_5' title="bbox 702 4583 1307 4668">
     <span class='ocr_line' id='line_1_33' title="bbox 702 4583 1307 4668; baseline 0 -20"><span class='ocrx_word' id='word_1_266' title='bbox 702 4587 752 4668; x_wconf 80' lang='lat'>⁹)</span> <span class='ocrx_word' id='word_1_267' title='bbox 801 4583 1042 4667; x_wconf 78' lang='lat' dir='ltr'>OpuSC.</span> <span class='ocrx_word' id='word_1_268' title='bbox 1092 4607 1154 4667; x_wconf 90' lang='lat' dir='ltr'>p.</span> <span class='ocrx_word' id='word_1_269' title='bbox 1215 4603 1307 4664; x_wconf 89' lang='lat'>19,</span> 
     </span>
    </p>

    <p class='ocr_par' dir='ltr' id='par_1_6' title="bbox 687 4699 2269 4786">
     <span class='ocr_line' id='line_1_34' title="bbox 687 4699 2269 4786; baseline 0.002 -22"><span class='ocrx_word' id='word_1_270' title='bbox 687 4703 760 4784; x_wconf 87' lang='lat'>¹⁰)</span> <span class='ocrx_word' id='word_1_271' title='bbox 809 4699 903 4765; x_wconf 87' lang='lat' dir='ltr'>Cf.</span> <span class='ocrx_word' id='word_1_272' title='bbox 957 4701 1373 4774; x_wconf 87' lang='lat' dir='ltr'>Billrothium‚</span> <span class='ocrx_word' id='word_1_273' title='bbox 1423 4702 1668 4764; x_wconf 85' lang='lat' dir='ltr'>Latein.</span> <span class='ocrx_word' id='word_1_274' title='bbox 1721 4701 1987 4782; x_wconf 83' lang='lat' dir='ltr'>Syntax.</span> <span class='ocrx_word' id='word_1_275' title='bbox 2041 4703 2076 4786; x_wconf 56' lang='grc' dir='ltr'><strong>ξ</strong></span> <span class='ocrx_word' id='word_1_276' title='bbox 2125 4719 2269 4783; x_wconf 88' lang='lat'>327.</span> 
     </span>
    </p>

    <p class='ocr_par' dir='ltr' id='par_1_7' title="bbox 685 4816 3301 4904">
     <span class='ocr_line' id='line_1_35' title="bbox 685 4816 3301 4904; baseline 0.003 -24"><span class='ocrx_word' id='word_1_277' title='bbox 685 4823 754 4902; x_wconf 88' lang='lat'>¹¹)</span> <span class='ocrx_word' id='word_1_278' title='bbox 804 4819 1219 4900; x_wconf 77' lang='lat' dir='ltr'>Hartungiu5‚</span> <span class='ocrx_word' id='word_1_279' title='bbox 1269 4817 1489 4882; x_wconf 87' lang='lat' dir='ltr'>Ueber</span> <span class='ocrx_word' id='word_1_280' title='bbox 1535 4819 1594 4878; x_wconf 91' lang='lat' dir='ltr'>d.</span> <span class='ocrx_word' id='word_1_281' title='bbox 1648 4816 1870 4891; x_wconf 76' lang='lat' dir='ltr'>Casu5‚</span> <span class='ocrx_word' id='word_1_282' title='bbox 1920 4819 2055 4880; x_wconf 87' lang='lat' dir='ltr'>ihre</span> <span class='ocrx_word' id='word_1_283' title='bbox 2103 4819 2384 4901; x_wconf 87' lang='lat' dir='ltr'>Bildung</span> <span class='ocrx_word' id='word_1_284' title='bbox 2432 4823 2561 4882; x_wconf 89' lang='lat' dir='ltr'>und</span> <span class='ocrx_word' id='word_1_285' title='bbox 2608 4821 2993 4903; x_wconf 84' lang='lat' dir='ltr'>Bedeutung</span> <span class='ocrx_word' id='word_1_286' title='bbox 3040 4841 3103 4904; x_wconf 89' lang='lat' dir='ltr'>p.</span> <span class='ocrx_word' id='word_1_287' title='bbox 3156 4837 3301 4902; x_wconf 85' lang='lat'>227.</span> 
     </span>
    </p>

    <p class='ocr_par' dir='ltr' id='par_1_8' title="bbox 689 4934 4135 5143">
     <span class='ocr_line' id='line_1_36' title="bbox 689 4934 4135 5020; baseline 0.001 -23"><span class='ocrx_word' id='word_1_288' title='bbox 689 4934 759 5012; x_wconf 62' lang='grc' dir='ltr'>ι’)</span> <span class='ocrx_word' id='word_1_289' title='bbox 807 4935 997 5015; x_wconf 80' lang='lat' dir='ltr'>Quae</span> <span class='ocrx_word' id='word_1_290' title='bbox 1044 4935 1381 5017; x_wconf 87' lang='lat' dir='ltr'>singularis</span> <span class='ocrx_word' id='word_1_291' title='bbox 1429 4935 1687 4996; x_wconf 87' lang='lat' dir='ltr'>ablativi</span> <span class='ocrx_word' id='word_1_292' title='bbox 1738 4935 1942 4996; x_wconf 90' lang='lat' dir='ltr'>forma</span> <span class='ocrx_word' id='word_1_293' title='bbox 2008 4956 2202 5018; x_wconf 84' lang='lat' dir='ltr'>saepe</span> <span class='ocrx_word' id='word_1_294' title='bbox 2270 4939 2545 5000; x_wconf 89' lang='lat' dir='ltr'>occurrit</span> <span class='ocrx_word' id='word_1_295' title='bbox 2592 4939 2651 4998; x_wconf 92' lang='lat' dir='ltr'>in</span> <span class='ocrx_word' id='word_1_296' title='bbox 2701 4939 2991 5000; x_wconf 88' lang='lat' dir='ltr'>iunctura</span> <span class='ocrx_word' id='word_1_297' title='bbox 3044 4939 3323 5020; x_wconf 76' lang='lat' dir='ltr'>quicum.</span> <span class='ocrx_word' id='word_1_298' title='bbox 3419 4937 3579 5000; x_wconf 90' lang='lat' dir='ltr'>Illud</span> <span class='ocrx_word' id='word_1_299' title='bbox 3625 4937 3734 5018; x_wconf 74' lang='lat' dir='ltr'>qui</span> <span class='ocrx_word' id='word_1_300' title='bbox 3778 4947 3987 4998; x_wconf 88' lang='lat' dir='ltr'>ortum</span> <span class='ocrx_word' id='word_1_301' title='bbox 4035 4947 4135 5000; x_wconf 86' lang='lat' dir='ltr'>est</span> 
     </span>
     <span class='ocr_line' id='line_1_37' title="bbox 809 5049 4131 5143; baseline 0.002 -30"><span class='ocrx_word' id='word_1_302' title='bbox 809 5073 890 5114; x_wconf 86' lang='lat' dir='ltr'>ex</span> <span class='ocrx_word' id='word_1_303' title='bbox 939 5053 1132 5114; x_wconf 90' lang='lat' dir='ltr'>etiam</span> <span class='ocrx_word' id='word_1_304' title='bbox 1182 5053 1539 5133; x_wconf 86' lang='lat' dir='ltr'>antiquiore</span> <span class='ocrx_word' id='word_1_305' title='bbox 1587 5049 1759 5132; x_wconf 83' lang='lat' dir='ltr'>quid,</span> <span class='ocrx_word' id='word_1_306' title='bbox 1827 5054 2006 5132; x_wconf 89' lang='lat' dir='ltr'>quod</span> <span class='ocrx_word' id='word_1_307' title='bbox 2051 5055 2092 5116; x_wconf 92' lang='lat' dir='ltr'>d</span> <span class='ocrx_word' id='word_1_308' title='bbox 2138 5064 2395 5116; x_wconf 88' lang='lat' dir='ltr'>constat</span> <span class='ocrx_word' id='word_1_309' title='bbox 2444 5055 2843 5136; x_wconf 70' lang='lat' dir='ltr'>i-stirpium</span> <span class='ocrx_word' id='word_1_310' title='bbox 2905 5067 3210 5118; x_wconf 81' lang='lat' dir='ltr'>constans</span> <span class='ocrx_word' id='word_1_311' title='bbox 3256 5054 3555 5116; x_wconf 85' lang='lat' dir='ltr'>suffixum</span> <span class='ocrx_word' id='word_1_312' title='bbox 3608 5054 3868 5143; x_wconf 78' lang='lat' dir='ltr'>ablativi</span> <span class='ocrx_word' id='word_1_313' title='bbox 3918 5053 4131 5119; x_wconf 84' lang='lat' dir='ltr'>fuisse.</span> 
     </span>
    </p>

    <p class='ocr_par' dir='ltr' id='par_1_9' title="bbox 691 5169 2066 5251">
     <span class='ocr_line' id='line_1_38' title="bbox 691 5169 2066 5251; baseline 0.005 -22"><span class='ocrx_word' id='word_1_314' title='bbox 691 5172 760 5251; x_wconf 78' lang='lat'>¹³)</span> <span class='ocrx_word' id='word_1_315' title='bbox 803 5169 1040 5248; x_wconf 88' lang='lat' dir='ltr'>Reisig.</span> <span class='ocrx_word' id='word_1_316' title='bbox 1093 5169 1300 5232; x_wconf 88' lang='lat' dir='ltr'>Vorls.</span> <span class='ocrx_word' id='word_1_317' title='bbox 1354 5171 1454 5234; x_wconf 90' lang='lat' dir='ltr'>ed.</span> <span class='ocrx_word' id='word_1_318' title='bbox 1507 5171 1783 5232; x_wconf 75' lang='lat' dir='ltr'>Haasius</span> <span class='ocrx_word' id='word_1_319' title='bbox 1830 5173 1870 5250; x_wconf 64' lang='grc' dir='ltr'>ξ</span> <span class='ocrx_word' id='word_1_320' title='bbox 1923 5187 2066 5249; x_wconf 84' lang='lat'>321.</span> 
     </span>
    </p>

    <p class='ocr_par' dir='ltr' id='par_1_10' title="bbox 693 5285 2521 5370">
     <span class='ocr_line' id='line_1_39' title="bbox 693 5285 2521 5370; baseline 0.002 -25"><span class='ocrx_word' id='word_1_321' title='bbox 693 5285 760 5368; x_wconf 77' lang='lat'>¹⁴)</span> <span class='ocrx_word' id='word_1_322' title='bbox 807 5285 1196 5366; x_wconf 75' lang='lat' dir='ltr'>Kruegeru3‚</span> <span class='ocrx_word' id='word_1_323' title='bbox 1250 5285 1534 5352; x_wconf 89' lang='lat' dir='ltr'>Gramm.</span> <span class='ocrx_word' id='word_1_324' title='bbox 1586 5287 1644 5348; x_wconf 92' lang='lat' dir='ltr'>d.</span> <span class='ocrx_word' id='word_1_325' title='bbox 1697 5288 1906 5348; x_wconf 88' lang='lat' dir='ltr'>latein.</span> <span class='ocrx_word' id='word_1_326' title='bbox 1961 5288 2249 5370; x_wconf 85' lang='lat' dir='ltr'>Sprache</span> <span class='ocrx_word' id='word_1_327' title='bbox 2295 5294 2328 5369; x_wconf 53' lang='grc' dir='ltr'>ᾗ</span> <span class='ocrx_word' id='word_1_328' title='bbox 2381 5301 2521 5366; x_wconf 84' lang='grc'><strong><em>575.</em></strong></span> 
     </span>
    </p>
   </div>
   <div class='ocr_carea' id='block_1_6' title="bbox 530 5547 1464 5595">
    <p class='ocr_par' dir='ltr' id='par_1_11' title="bbox 530 5547 1464 5595">
     <span class='ocr_line' id='line_1_40' title="bbox 530 5547 1464 5595; baseline 0.005 -26"><span class='ocrx_word' id='word_1_329' title='bbox 530 5547 1430 5593; x_wconf 30' lang='lat' dir='ltr'>Mu-</span> <span class='ocrx_word' id='word_1_330' title='bbox 1455 5592 1464 5595; x_wconf 84' lang='lat'>-</span> 
     </span>
    </p>
   </div>
  </div>
 </body>
</html>
